@article{vapnik,
  title={The Nature of Statistical Learning Theory},
  author={Vapnik, V},
  journal={Data Mining and Knowledge Discovery},
  pages={1--47},
  year={6},
  publisher={Springer Verlag}
}

@inproceedings{al2012homophily,
  title={Homophily and Latent Attribute Inference: Inferring Latent Attributes of Twitter Users from Neighbors.},
  author={Al Zamal, Faiyaz and Liu, Wendy and Ruths, Derek},
  booktitle={ICWSM},
  year={2012}
}

@article{liu2012using,
  title={Using social media to infer gender composition of commuter populations},
  author={Liu, Wendy and Zamal, Faiyaz Al and Ruths, Derek},
  journal={Proceedings of the When the City Meets the Citizen Worksop},
  year={2012}
}

@inproceedings{ciot2013gender,
  title={Gender Inference of Twitter Users in Non-English Contexts},
  author={Ciot, Morgane and Sonderegger, Morgan and Ruths, Derek},
  booktitle={Proceedings of the 2013 Conference on Empirical Methods in Natural Language Processing, Seattle, Wash},
  pages={18--21},
  year={2013}
}

@inproceedings{nguyen2013old,
  title={“How Old Do You Think I Am?”: A Study of Language and Age in Twitter},
  author={Nguyen, Dong and Gravel, Rilana and Trieschnigg, Dolf and Meder, Theo},
  booktitle={Proceedings of the Seventh International AAAI Conference on Weblogs and Social Media},
  year={2013}
}

@book{dict2010,
  title={Slovar sobstvennih imen russkogo yazika (In Russian).},
  author={Ageenko, F. L.},
  year={2011},
  publisher={Mir i Obrazovanie}
}

@inproceedings{kharitonov2012gender,
  title={Gender-aware re-ranking},
  author={Kharitonov, Eugene and Serdyukov, Pavel},
  booktitle={Proceedings of the 35th international ACM SIGIR conference on Research and development in information retrieval},
  pages={1081--1082},
  year={2012},
  organization={ACM}
}


@inproceedings{bi2013inferring,
  title={Inferring the demographics of search users: social data meets search queries},
  author={Bi, Bin and Shokouhi, Milad and Kosinski, Michal and Graepel, Thore},
  booktitle={Proceedings of the 22nd international conference on World Wide Web},
  pages={131--140},
  year={2013},
  organization={International World Wide Web Conferences Steering Committee}
}

@ONLINE{twitter2012gender,
author = {Underwood, April},
title = {Gender targeting for Promoted Products now available.},
month = oct,
year = {2012},
url = {https://blog.twitter.com/2012/gender-targeting-for-promoted-products-now-available}
}


@inproceedings{bird2006nltk,
  title={NLTK: the natural language toolkit},
  author={Bird, Steven},
  booktitle={Proceedings of the COLING/ACL on Interactive presentation sessions},
  pages={69--72},
  year={2006},
  organization={Association for Computational Linguistics}
}

@article{fan2008liblinear,
  title={LIBLINEAR: A library for large linear classification},
  author={Fan, Rong-En and Chang, Kai-Wei and Hsieh, Cho-Jui and Wang, Xiang-Rui and Lin, Chih-Jen},
  journal={The Journal of Machine Learning Research},
  volume={9},
  pages={1871--1874},
  year={2008},
  publisher={JMLR. org}
}

@article{yu2011dual,
  title={Dual coordinate descent methods for logistic regression and maximum entropy models},
  author={Yu, Hsiang-Fu and Huang, Fang-Lan and Lin, Chih-Jen},
  journal={Machine Learning},
  volume={85},
  number={1-2},
  pages={41--75},
  year={2011},
  publisher={Springer}
}

@incollection{panchenko2013towards,
  title={Towards detection of child sexual abuse media: categorization of the associated filenames},
  author={Panchenko, Alexander and Beaufort, Richard and Naets, Hubert and Fairon, C{\'e}drick},
  booktitle={Advances in Information Retrieval},
  pages={776--779},
  year={2013},
  publisher={Springer}
}

@book{agresti2002categorical,
  title={Categorical data analysis},
  author={Agresti, Alan},
  volume={359},
  year={2002},
  publisher={John Wiley \& Sons}
}

@book{bishop2006pattern,
  title={Pattern recognition and machine learning},
  author={Bishop, Christopher M and Nasrabadi, Nasser M},
  volume={1},
  year={2006},
  publisher={springer New York}
}

@inproceedings{peersman2011predicting,
  title={Predicting age and gender in online social networks},
  author={Peersman, Claudia and Daelemans, Walter and Van Vaerenbergh, Leona},
  booktitle={Proceedings of the 3rd international workshop on Search and mining user-generated contents},
  pages={37--44},
  year={2011},
  organization={ACM}
}

@inproceedings{daniel2013research,
  title={Russian National Corpus as a Playground for Sociolinguistic Research. Episode IV. Gender and Length of the Utterance.},
  author={ Daniel, M. A. Zelenkov, Yu.G..},
  booktitle={Proceedings of Dialog-2012},
  pages={51--62},
  year={2012}
}

@article{koppel2002automatically,
  title={Automatically categorizing written texts by author gender},
  author={Koppel, Moshe and Argamon, Shlomo and Shimoni, Anat Rachel},
  journal={Literary and Linguistic Computing},
  volume={17},
  number={4},
  pages={401--412},
  year={2002},
  publisher={ALLC}
}

@inproceedings{goswami2009stylometric,
  title={Stylometric analysis of bloggers’ age and gender},
  author={Goswami, Sumit and Sarkar, Sudeshna and Rustagi, Mayur},
  booktitle={Third International AAAI Conference on Weblogs and Social Media},
  year={2009}
}

@inproceedings{mukherjee2010improving,
  title={Improving gender classification of blog authors},
  author={Mukherjee, Arjun and Liu, Bing},
  booktitle={Proceedings of the 2010 Conference on Empirical Methods in Natural Language Processing},
  pages={207--217},
  year={2010},
  organization={Association for Computational Linguistics}
}

@article{rangel2013use,
  title={Use of Language and Author Profiling: Identification of Gender and Age},
  author={Rangel, Francisco and Rosso, Paolo},
  journal={Natural Language Processing and Cognitive Science},
  pages={177},
  year={2013}
}

@inproceedings{rao2010classifying,
  title={Classifying latent user attributes in twitter},
  author={Rao, Delip and Yarowsky, David and Shreevats, Abhishek and Gupta, Manaswi},
  booktitle={Proceedings of the 2nd international workshop on Search and mining user-generated contents},
  pages={37--44},
  year={2010},
  organization={ACM}
}


@inproceedings{burger2011discriminating,
  title={Discriminating gender on Twitter},
  author={Burger, John D and Henderson, John and Kim, George and Zarrella, Guido},
  booktitle={Proceedings of the Conference on Empirical Methods in Natural Language Processing},
  pages={1301--1309},
  year={2011},
  organization={Association for Computational Linguistics}
}

%%%%%%%%%%%%%%%%%%%%%%%%%%%%%%%%%%%%%%%%%%%%%%%%%%%%%%%%%%%%%%%%%%%%%%%
%%%%%%%%%%%%%%%%%%%%%%%%%%%%%%%%%%%%%%%%%%%%%%%%%%%%%%%%%%%%%%%%%%%%%%%
%%%%%%%%%%%%%%%%%%%%%%%%%%%%%%%%%%%%%%%%%%%%%%%%%%%%%%%%%%%%%%%%%%%%%%%


@article{barnes1986hierarchical,
  title={A hierarchical 0 (N log iV) force-calculation algorithm},
  author={Barnes, J. and Hut, P.},
  journal={nature},
  volume={324},
  pages={4},
  year={1986}
}

@INPROCEEDINGS{panchenko2012konvens,
  author = {Panchenko, A. and Morozova, O. and Naets, H.},
  title = {A semantic similarity measure based on lexico-syntactic patterns},
  booktitle = {Proceedings of KONVENS 2012},
  pages = {174--178},
  year = {2012},
  url = {http://www.oegai.at/konvens2012/proceedings/23_panchenko12p/},
  
}

@article{panchenko2012study,
  title={A Study of Hybrid Similarity Measures for Semantic Relation Extraction},
  author={Panchenko, A. and Morozova, O.},
  journal={EACL},
  pages={10-18},
  year={2012}
}

@article{auger2008pattern,
  title={Pattern-based approaches to semantic relation extraction: A state-of-the-art},
  author={Auger, Alain and Barri{\`e}re, Caroline},
  journal={Terminology Journal},
  volume={14},
  number={1},
  pages={1--19},
  year={2008}
}

@inproceedings{cederberg_using_2003,
	title = {Using {LSA} and noun coordination information to improve the precision and recall of automatic hyponymy extraction},
	booktitle = {Proceedings HLT-NAACL},
	author = {Cederberg, S. and Widdows, D.},
	year = {2003},
	pages = {111–118}
}

@inproceedings{yang_metric-based_2009,
	title = {A metric-based framework for automatic taxonomy induction},
	booktitle = {ACL-IJCNLP},
	author = {Yang, Hui and Callan, Jamie},
	year = {2009},
	pages = {271–279}
}

@PhDThesis{paumier2003,
  author	= {Paumier, S\'ebastien},
  title		= {{De la reconnaissance de formes linguistiques \`a l'analyse syntaxique}},
  school	= {Universit\'e de Marne-la-Vall\'ee},
  year		= {2003},
  }

@inproceedings{curran2002ensemble,
  title={Ensemble methods for automatic thesaurus extraction},
  author={Curran, James R.},
  booktitle={Proceedings of the EMNLP-02},
  pages={222--229},
  year={2002},
  organization={ACL}
}

@inproceedings{bollegala2007measuring,
  title={Measuring semantic similarity between words using web search engines},
  author={Bollegala, D. and Matsuo, Y. and Ishizuka, M.},
  booktitle={WWW},
  volume={766},
  year={2007}
}


@article{hsu2006query,
  title={Query expansion with conceptnet and wordnet: An intrinsic comparison},
  author={Hsu, Ming-Hung and Tsai, Ming-Feng and Chen, Hsin-Hsi},
  journal={Information Retrieval Technology},
  pages={1--13},
  year={2006},
  publisher={Springer}
}

@inproceedings{strube2006wikirelate,
  title={WikiRelate! Computing semantic relatedness using Wikipedia},
  author={Strube, M. and Ponzetto, S. P.},
  booktitle={AAAI},
  volume={21},
  number={2},
  pages={14-19},
  year={2006}
}

@inproceedings{gabrilovich2007computing,
  title={Computing semantic relatedness using wikipedia-based explicit semantic analysis},
  author={Gabrilovich, Evgeniy and Markovitch, Shaul},
  booktitle={IJCAI},
  volume={6},
  pages={12},
  year={2007}  
}

@inproceedings{zesch2007comparing,
  title={Comparing wikipedia and german wordnet by evaluating semantic relatedness on multiple datasets},
  author={Zesch, Torsen and Gurevych, Irina and M{\"u}hlh{\"a}user, Max},
  booktitle={HLT-NAACL 2007},
  pages={205--208},
  year={2007}
}

@article{nelson2004university,
  title={The University of South Florida free association, rhyme, and word fragment norms},
  author={Nelson, D.L. and McEvoy, C.L. and Schreiber, T.A.},
  journal={Behavior Research Methods},
  volume={36},
  number={3},
  pages={402--407},
  year={2004},
  publisher={Springer}
}

@article{jarmasz2004roget,
  title={Roget�s Thesaurus and Semantic Similarity1},
  author={Szpakowicz, Stan},
  journal={Recent Advances in Natural Language Processing III: Selected Papers from RANLP},
  pages={111},
  year={2004}
}

@article{rohde2009improved,
  title={An improved model of semantic similarity based on lexical co-occurrence},
  author={Rohde, Doglas .L.T. and Gonnerman, Laura M. and Plaut, David C.},
  journal={Cognitive Science},
  year={2009}
  }

@article{nelson2005preexisting,
  author = {Nelson, Douglas and Dyrdal, Gunvor and Goodmon, Leilani},
   affiliation = {Department of Psychology, PCD 4118G, University of South Florida, 33620-8200 Tampa, FL},
   title = {What is preexisting strength? Predicting free association probabilities, similarity ratings, and cued recall probabilities},
   journal = {Psychonomic Bulletin & Review},
   publisher = {Springer New York},
   keyword = {Psychology},
   pages = {711-719},
   volume = {12},
   issue = {4},
   year = {2005}
}

@inproceedings{budiu2007modeling,
  title={Modeling information scent: A comparison of LSA, PMI and GLSA similarity measures on common tests and corpora},
  author={Budiu, Raluca and Royer, Christian and Pirolli, Peter},
  pages={314--332},
  year={2007},
  organization={In RIAO.}
}

@inproceedings{agirre2009study,
  title={A study on similarity and relatedness using distributional and wordnet-based approaches},
  author={Agirre, Eneko and Alfonseca, Enrique and Hall, Keith and Kravalova, Jana and Pa{\c{s}}ca, Marius and Soroa, Aitor},
  booktitle={Proceedings of NAACL-HLT 2009},
  pages={19--27},
  year={2009}
  
}

@incollection {maltparser2011,
   author = {Hall, Johan and Nilsson, Jens and Nivre, Joakim},
   affiliation = {V�xj� University, V�xj�, Sweden},
   title = {Single Malt or Blended? A Study in Multilingual Parser Optimization},
   series = {Text, Speech and Language Technology},
   publisher = {Springer},
   pages = {19-33},
   volume = {43},
   year = {2011}
}

@article{landauer1997solution,
  title={A solution to Plato's problem: The latent semantic analysis theory of acquisition, induction, and representation of knowledge.},
  author={Landauer, Thomas K. and Dumais, Susan T.},
  journal={Psych. review},
  volume={104},
  number={2},
  pages={211},
  year={1997},
  publisher={American Psychological Association}
}

@inproceedings{veksler2008defining,
  title={Defining the dimensions of the human semantic space},
  author={Veksler, Vladislav D. and Govostes, Ryan Z. and Gray, Wayne D.},
  booktitle={30th Annual Meeting of the Cognitive Science Society},
  pages={1282--1287},
  year={2008}
}

@inproceedings{zesch2008using,
  title={Using wiktionary for computing semantic relatedness},
  author={Zesch, Torsen and M{\"u}ller, Christof and Gurevych, Irina},
  booktitle={Proceedings of AAAI},
  pages={45},
  year={2008}
}

@inproceedings{navarro2009wiktionary,
  author = {Navarro, Emmanuel and Sajous, Franck and Gau Bruno and Pr\'{e}vot, Laurent and ShuKai, Hsieh and Tzu-Yi, Kuo and Magistry, Pierre and Chu-Ren, Huang},
 title = {Wiktionary and NLP: improving synonymy networks},
 booktitle = {Proceedings of the 2009 Workshop on The People's Web Meets NLP: Collaboratively Constructed Semantic Resources},
 series = {People's Web '09},
 year = {2009},
  pages = {19--27},
 publisher = {Association for Computational Linguistics},
}

@inproceedings{pedersen2004wordnet,
  title={WordNet:: Similarity: measuring the relatedness of concepts},
  author={Pedersen, Ted and Patwardhan, Siddaharth and Michelizzi, Jason},
  booktitle={Demonstration Papers at HLT-NAACL 2004},
  pages={38--41},
  year={2004},
  organization={ACL}
}

@inproceedings{zesch2008extracting,
  title={Extracting lexical semantic knowledge from Wikipedia and Wiktionary},
  author={Zesch, T. and M{\"u}ller, C. and Gurevych, I.},
  booktitle={LREC'08},
  pages={1646--1652},
  year={2008}
}

@article{manning2008introduction,
  title={Introduction to information retrieval},
  author={Manning, C. D. and Raghavan, P. and Sch{\"u}tze, H.},
  year={2008},
  publisher={Cambridge University Press}
}

@article{kennedy10244evaluating,
  title={Evaluating Roget�s thesauri},
  author={Kennedy, Alistair and Szpakowicz, Stan},
  journal={ACL-08 HLT},
    pages={416-424},
  year={2008}
}

@inproceedings{baroniwe,
  title={How we BLESSed distributional semantic evaluation},
  author={Baroni, M. and Lenci, A.},
  booktitle={GEMS (EMNLP), 2011},
  pages={1-11},
  year={2011}
}

@inproceedings{finkelstein2001placing,
  title={Placing search in context: The concept revisited},
  author={Finkelstein, L. and Gabrilovich, E. and Matias, Y. and Rivlin, E. and Solan, Z. and Wolfman, G. and Ruppin, E.},
  booktitle={WWW 2001},
  pages={406--414},
  year={2001}
  
}

@book{howell2010fundamental,
  title={Fundamental statistics for the behavioral sciences},
  author={Howell, David C.},
  year={2010},
  publisher={Wadsworth Pub Co}
}

@article{peirsman2008putting,
  title={Modelling word similarity: an evaluation of automatic synonymy extraction algorithms},
  author={Heylen, Kris and Peirsman, Yves and Geeraerts, Dirk and Speelman, Dirk},
  journal={LREC'08},
  pages={3243--3249},
  year={2008}
}

@article{budanitsky2006evaluating,
  title={Evaluating wordnet-based measures of lexical semantic relatedness},
  author={Budanitsky, A. and Hirst, G.},
  journal={Computational Linguistics},
  volume={32},
  number={1},
  pages={13--47},
  year={2006},
  publisher={MIT Press}
}

@incollection {Patwardhan2003wsd,
   author = {Patwardhan, Siddharth and Banerjee, Satanjeev and Pedersen, Ted},
   affiliation = {University of Minnesota, 55812 Duluth, MN USA},
   title = {Using Measures of Semantic Relatedness for Word Sense Disambiguation},
   booktitle = {Computational Linguistics and Intelligent Text Processing},
   series = {LNCS},
   editor = {Gelbukh, Alexander},
   publisher = {Springer Berlin},
   pages = {241-257},
   volume = {2588},
   year = {2003}
}

@inproceedings{curran2002improvements,
  title={Improvements in automatic thesaurus extraction},
  author={Curran, James R. and Moens, Marc},
  booktitle={Proceedings of the ACL-02 workshop on Unsupervised Lexical Acquisition},
  pages={59--66},
  year={2002}
  
}

@article{panchenko2011comparison,
  title={Comparison of the Baseline Knowledge-, Corpus-, and Web-based Similarity Measures for Semantic Relations Extraction},
  author={Panchenko, Alexander},
  journal={GEMS Workshop (EMNLP)},
  pages={11--21},
  year={2011}
}

@inproceedings{voorhees1994query,
  title={Query expansion using lexical-semantic relations},
  author={Voorhees, E.M.},
  booktitle={Proceedings of the 17th annual international ACM SIGIR conference on Research and development in information retrieval},
  pages={61--69},
  year={1994},
  organization={Springer-Verlag New York, Inc.}
}

@article{tikk2003hierarchical,
  title={Hierarchical text categorization using fuzzy relational thesaurus},
  author={Tikk, Domonkos and Yang, Jae D. and Bang, Sun L.},
  journal={KYBERNETIKA-PRAHA},
  volume={39},
  number={5},
  pages={583--600},
  year={2003},
 }

@INPROCEEDINGS{Sun05usingsyntactic,
    author = {Renxu Sun and Jing Jiang and Yee Fan and Tan Hang and Cui Tat-seng and Chua Min-yen Kan},
    title = {Using syntactic and semantic relation analysis in question answering},
    booktitle = {Proceedings of TREC},
    year = {2005}
}


%
%	EACL 
%%%%%%%%%%%%%%%%%%%%%%%%%%%%%%%%%%%

%%%%%%%%%%%%%%%%%%%%%%%%%%%%%%%%%%%%%%5
% GEMS 

%article{veksler2007proxy,
%  title={{A proxy for all your semantic needs}},
%  author={Veksler, Vladislav D. and Grintsvayg, Alex and Lindsey, Robert and Gray, Wayne D.},
%  journal={Proceeding of CogSci 2007},
%  year={2007},
%}

@article{rubenstein1965,
	title={Contextual correlates of synonymy},
	author={Rubenstein, H. and Goodenough, J. B.},
	journal={ACM},
	volume={8},
	number={10},
	pages={627--633},
	year={1965},
	publisher={ACM}
}

@article{miller91,
	author = {Miller, G. A. and Charles, W. G.},
	journal = {Language and Cognitive Processes},
	number = {1},
	pages = {1--28},
	publisher = {Psychology Press},
	title = {{Contextual correlates of semantic similarity}},
	volume = {6},
	year = {1991}
}


    
@inproceedings{mihalcea2006corpus,
	author = {Mihalcea, Rada and Corley, Courtney and Strapparava, Carlo},
    booktitle = {AAAI'06},
    pages = {775--780},
    posted-at = {2010-05-14 07:13:53},
    priority = {2},
    title = {Corpus-based and knowledge-based measures of text semantic similarity},
    year = {2006}
}

@article{nivre2007maltparser,
  title={MaltParser: A language-independent system for data-driven dependency parsing},
  author={Nivre, Joa and Hall, J. and Nilsson, J. and Chanev, A. and Eryigit, G. and K{\\"u}bler, S. and Marinov, S. and Marsi, E.},
  journal={Natural Language Engineering},
  volume={13},
  number={02},
  pages={95--135},
  year={2007},
  publisher={Cambridge Univ Press}
}

@inproceedings{treetagger,
    author = {Schmid, Helmut},
    keywords = {decision, trees},
    priority = {2},
    title = {{Probabilistic Part-of-Speech Tagging Using Decision Trees}},
    year = {1994},
		journal={In Proceedings of the International Conference on New Methods in Language Processing},
		pages={44--49}
}

@inproceedings{panchenko2010,
  title={Can we automatically reproduce semantic relations of an Information Retrieval thesaurus?},
  author={Panchenko, Alexander},
  booktitle={4th Russian Summer School in Information Retrieval},
  pages={13--18},
  year={2010},
  publisher={Voronezh State University}
}

@book{grefenstette1994explorations,
      author = {Grefenstette, Gregory},
     publisher = {Springer},
    title = {{Explorations in Automatic Thesaurus Discovery}},
    year = {1994}
}

@article {fruchterman1991,
author = {Fruchterman, Thomas M. J. and Reingold, Edward M.},
title = {Graph drawing by force-directed placement},
journal = {Software: Practice and Experience},
volume = {21},
number = {11},
publisher = {John Wiley & Sons, Ltd.},
pages = {1129--1164},
keywords = {Graph drawing, Force-directed placement, Multi-level techniques, Simulated annealing},
year = {1991},
}

@article{miller1995wordnet,
  title={WordNet: a lexical database for English},
  author={Miller, G. A. },
  journal={Communications of ACM},
  volume={38},
  number={11},
  pages={39--41},
  year={1995},
  publisher={ACM}
}

@inproceedings{miller1993semantic,
  title={A semantic concordance},
  author={Miller, G. A. and Leacock, C. and Tengi, 	R. and Bunker, R. T.},
  booktitle={Proceedings of the workshop on Human Language Technology},
  pages={303--308},
  year={1993},
  organization={ACL}
}

@book{jurafsky2009speech,
  title={{Speech and Language Processing: An Introduction to Natural Language Processing, Computational Linguistics, and Speech Recognition}},
  author={Jurafsky, Daniel and Martin, James H.},
  year={2009},
  publisher={Prentice Hall}
}

@conference{turney2001mining,
  title={{Mining the Web for Synonyms: PMI-IR versus LSA on TOEFL}},
  author={Turney, Peter},
  booktitle={Proceedings of the ECML-2001},
  year={2001}
}

@article{patwardhan2006using,
  title={{Using WordNet-based context vectors to estimate the semantic relatedness of concepts}},
  author={Patwardhan, S. and Pedersen, T.},
  journal={Making Sense of Sense: Bringing Psycholinguistics and Computational Linguistics Together},
  pages={1-12},
  year={2006}
}

@inproceedings{lin1998measure,
    author = {Lin, Dekang},
    booktitle = {ICML},
    pages = {296--304},
    priority = {2},
    title = {{An Information-Theoretic Definition of Similarity}},
    year = {1998}
}

@conference{banerjee2003extended,
  title={{Extended gloss overlaps as a measure of semantic relatedness}},
  author={Banerjee, S. and Pedersen, T.},
  booktitle={IJCAI},
  volume={18},
  pages={805--810},
  year={2003}
}

@conference{wu1994verbs,
  title={{Verbs semantics and lexical selection}},
  author={Wu, 	Z. and Palmer, 	M.},
  booktitle={ACL'1994},
  pages={133--138},
  year={1994}
  
}


@inproceedings{jiang1997,
    author = {Jiang, Jay J. and Conrath, David W.},
    booktitle = {ROCLING X},
    pages = {19--33},
    title = {{Semantic Similarity Based on Corpus Statistics and Lexical Taxonomy}},
    year = {1997}
}

@phdthesis{curran2003distributional,
  title={From distributional to semantic similarity},
  author={Curran, James R.},
  school={University of Edinburgh},
  year={2003}
}

@conference{resnik1995,
  title={{Using Information Content to Evaluate Semantic Similarity in a Taxonomy}},
  author={Resnik, P.},
  booktitle={ IJCAI},
  volume={1},
  pages={448-453},
  year={1995}
}

@book{agresti2000categorical,
      author = {Agresti, Alan},
       edition = {2},
    title = {Categorical Data Analysis (Wiley Series in Probability and Statistics)},
    year = {2002}
}

@article{bullinaria2007extracting,
  title={Extracting semantic representations from word co-occurrence statistics: A computational study},
  author={Bullinaria, John A. and Levy, Joseph P.},
  journal={Behavior Research Methods},
  volume={39},
  number={3},
  pages={510},
  year={2007},
  publisher={Psychonomic Society Publications}
}

@article{landauer1998introduction,
  title={An introduction to latent semantic analysis},
  author={Landauer, T. K. and Foltz, P. W. and Laham, D.},
  journal={Discourse processes},
  volume={25},
  number={2-3},
  pages={259--284},
  year={1998},
  publisher={Taylor \& Francis}
}

@inproceedings{lindsey2007wary,
  title={Be wary of what your computer reads: the effects of corpus selection on measuring semantic relatedness},
  author={Lindsey, Robert and Veksler, Vladislav D. and Grintsvayg, Alex and Gray, Wayne D.},
  booktitle={8th International Conference of Cognitive Modeling, ICCM},
  year={2007}
}

@article{leacock1998,
    author = {Leacock, C. and Chodorow, M.},
    booktitle = {WordNet: A Lexical Reference System and its Application},
    citeulike-article-id = {1259480},
    editor = {Fellbaum, C.},
    journal = {WordNet},
    keywords = {semantic\_similarity, wordnet},
    pages = {265--283},
    posted-at = {2007-08-29 08:51:14},
    priority = {0},
    publisher = {MIT Press},
    title = {{Combining Local Context and WordNet Similarity for Word Sense Identification}},
    year = {1998}
}

@article{budanitsky2001semantic,
  title={Evaluating wordnet-based measures of lexical semantic relatedness},
  author={Budanitsky, A. and Hirst, G.},
  journal={Computational Linguistics},
  volume={32},
  number={1},
  pages={13--47},
  year={2006}
}

@article{cilibrasi2007google,
    author = {Cilibrasi, Rudi L. and Vitanyi, Paul M. B.},
    journal = {IEEE Trans. on Knowl. and Data Eng.},    
    number = {3},
    pages = {370--383},    
    publisher = {IEEE Educational Activities Department},
    title = {{The Google Similarity Distance}},
    volume = {19},
    year = {2007}
}


@article{wandmacher2005semantic,
  title={{How semantic is Latent Semantic Analysis?}},
  author={Wandmacher, Tonio},
  journal={Proceedings of TALN/RECITAL},
  year={2005}  
}

@inproceedings{hearst1992,
	author = {Hearst, M.  A. },
	booktitle = {ACL},
	pages = {539--545},
	posted-at = {2008-07-17 17:05:15},
	priority = {0},
	title = {Automatic acquisition of hyponyms from large text corpora},
	year = {1992}
}

@conference{lin1998automatic,
	  title={{Automatic retrieval and clustering of similar words}},
	    author={Lin, D. },
	      booktitle={ACL},
	        pages={768--774},
		  year={1998}
}

@article{snow2005learning,
  title={Learning syntactic patterns for automatic hypernym discovery},
  author={Snow, Rion and Jurafsky, Daniel and Ng, Andrew Y.},
  journal={Advances in Neural Information Processing Systems (NIPS)},
  volume={17},
  pages={1297--1304},
  year={2004}  
}

@article{peirsman2007finding,
  title={{Finding semantically related words in Dutch. Co-occurrences versus syntactic contexts.}},
  author={Peirsman, Yves and  Heylen, Kris and Speelman, Dirk},
  journal={Contextual Information in Semantic Space Models},
  pages={9},
  year={2007}
}


@phdthesis{sahlgren2006,
    author = {Sahlgren, Magnus},
    keywords = {lsa},
    posted-at = {2006-09-21 20:17:34},
    priority = {4},
    title = {{The Word-Space Model: Using distributional analysis to represent syntagmatic and paradigmatic relations between words in high-dimensional vector spaces}},
     year = {2006}
}

@phdthesis{cruys2010mining,
  author={Van de Cruys, T.},
  year={2010},
	title={{Mining for Meaning: The Extraction of Lexico-Semantic Knowledge from Text}},
	school = {University of Groningen}
}

@article{baroni2009wacky,
  title={The wacky wide web: A collection of very large linguistically processed web-crawled corpora},
  author={Baroni, Marco and Bernardini, Silvia and Ferraresi, Adriano and Zanchetta, Eros},
  journal={LREC},
  volume={43},
  number={3},
  pages={209--226},
  year={2009}
}
% GEMS 
%%%%%%%%%%%%%%%%%%%%%%%%%%%%%%%%%%%%%%5



@conference{tensor3,
  title={{Latent semantic analysis for multiple-type interrelated data objects}},
  author={Wang, X. and Sun, J.T. and Chen, Z. and Zhai, C.X.},
  booktitle={Proceedings of the 29th annual international ACM SIGIR conference on Research and development in information retrieval},
  pages={236--243},
  isbn={1595933697},
  year={2006},
  organization={ACM}
}

@conference{tensor4,
  title={{Extracting clusters from large datasets with multiple similarity measures using IMSCAND}},
  author={Selee, T.M. and Kolda, T.G. and Kegelmeyer, W.P. and GRIFFIN, J.D.},
  booktitle={CSRI SUMMER PROCEEDINGS 2007},
  pages={87},
  year={2007},
  organization={Citeseer}
}

@misc{semcental,
	author = { Seminars of Center for Natural Language Processing. },
	title  = {Université catholique de Louvain. },
	howpublished = { \url{http://uclouvain.be/44015.html } }
}


@misc{semmlg,
	author={ Seminars of Machine Learning Group (MLG). },
	title  ={ Université catholique de Louvain. },
	howpublished = {\url{http://www.ucl.ac.be/mlg/index.php?page=events }}
}

@misc{russirconf,
	author={ 4th Russian Summer School in Information Retrieval. September 13-18, 2010, Voronezh. },
	title  ={  Russian Information Retrieval Evaluation Seminar (ROMIP) and Voronezh State University. },
	howpublished = {\url{http://romip.ru/russir2010/eng/ }}
}


@misc{smcs,
	author={ Cours d'initiation au langage \emph{R}. },
	title  = { Support en méthodologie et calcul statistique (SMCS). Université catholique de Louvain. },
	howpublished = {\url{ http://www.uclouvain.be/350303.html }}
}

@misc{vsu,
	author={ Proceedings of Voronezh State University. Series: Systems Analysis and Information Technologies. },
	title  = { },
	howpublished = {\url{ http://www.vestnik.vsu.ru/content/analiz/ }}
}

@misc{cll,
	author={ Cours trimestriel en Français. },
	title  = {  Centre des langues (CLL). },
	howpublished = {\url{ http://www.cll.be/sets/languemod1.php?li=fr&id_lg=fr&id_cat=4 }}
}

@misc{semcomputing,
	author={ Formation.  },
	title  ={ Institut de calcul intensif et de stockage de masse (CISM). Université catholique de Louvain. },
	howpublished = {\url{	http://www.cism.ucl.ac.be/Services/Formations/index.html }}
}

@misc{clin,
	author={  CLIN 21.  },
	title  ={ Computational Linguistics in the Netherlands Conference. },
	howpublished = {\url{	http://lt3.hogent.be/clin21/ }}
}

@misc{eurovocconf,
	author={  Eurovoc conference.  },
	title  ={ European Union Publications Office. },
	howpublished = {\url{	http://eurovoc.europa.eu/drupal/?q=node/936 }}
}

@misc{talk,
	author={  "Semantic Network Construction from the Heterogeneous Evidence" (In Russian).  },
	title  ={ Science-Technical Seminars of Bauman Moscow State Technical University. },
	howpublished = {\url{	http://www.philippovich.ru/Persons/Panchenko/presentation2010_sept_final.pdf }}
}

@article{russir,
    author = {Panchenko A.},
    journal = {Proceedings of 4th Russian Summer School in Information Retrieval.},
    pages = {36--51},
    publisher = {Publishing of Voronej State University},
    title = {Can We Automatically Reproduce Semantic Relations of an Information Retrieval Thesaurus?},
		url = { http://elar.usu.ru/bitstream/1234.56789/3058/1/russir-2010-04.pdf },
    year = {2010}
}

@book{manning_nlp,
    author = {Manning, C. D. and Sch\"{u}tze, H.},
    day = {18},
    edition = {1},
    howpublished = {Hardcover},
    isbn = {0262133601},
    keywords = {corpora, language, methods, nlp, nsf09, statistics},
    month = {June},
    posted-at = {2008-03-07 16:10:32},
    priority = {0},
    publisher = {The MIT Press},
    title = {Foundations of Statistical Natural Language Processing},
    year = {1999}
}


@article{ir_application,
author = {Jun Gong and Lu Liu},title = {Extracting Domain-Specific Concepts to Enhance Search Accuracy},journal ={Information Science and Engineering, International Conference on},volume = {0},isbn = {978-0-7695-3887-7},year = {1899},pages = {849-851},doi = {http://doi.ieeecomputersociety.org/10.1109/ICISE.2009.576},publisher = {IEEE Computer Society},address = {Los Alamitos, CA, USA},}

@misc{cental,
	author={Center for Natural Language Processing (CENTAL). },
	title  ={ Université catholique de Louvain. },
	howpublished = {\url{http://www.uclouvain.be/cental.html}}
}


@misc{xerox,
	author={Xerox Research Centre Europe (XRCE) },
	title  ={},
	howpublished = {\url{http://xrce.xerox.com/}}
}


@book{grefenstette,
	author = {Grefenstette, Gregory  },
	edition = {1},
	howpublished = {Hardcover},
	isbn = {0792394682},
	month = {July},
	publisher = {Springer},
	title = {Explorations in Automatic Thesaurus Discovery (The Springer International Series in Engineering and Computer Science)},
	year = {1994},
	pages = {200-203}
}



@inproceedings{citeulike:2914122,
	author = {Van der Plas L., Bouma G. },
	booktitle = {Proceedings of the ACL-02 workshop on Unsupervised lexical acquisition},
	pages = {173-186},
	priority = {3},
	publisher = {Proceedings of Computational Linguistics in the Netherlands 15},
	title = {Syntactic contexts for finding semantically related words},
	year = {2005}
}

@misc{agrovoc,
	author={AgroVOC. Food and Agriculture Organization of the United Nations (FAO) and the Commission of the European Communities},
	title  ={},
	howpublished = {\url{http://www.fao.org/aims/ag_intro.htm}}
}

@misc{eurovoc,
	author={EuroVOC. Office for Official Publications of the European Communities.},
	title  ={},
	howpublished = {\url{http://europa.eu/eurovoc/}}
}


@misc{eurowordnet,
	author={EuroWordNet. A multilingual database with word nets for several European languages.},
	title  ={ },
	howpublished = {\url{http://www.illc.uva.nl/EuroWordNet/}}
}


@inproceedings{TakenobuEtAl:95,
	abstract = {We propose a method to build thesauri on the basis of grammatical relations. The proposed method constructs thesauri by using a hierarchical clustering algorithm. An important point in this paper is the claim that thesauri in order to be efficient need to take (surface) case information into account. We refer to the thesauri as "relation-based thesaurus (RBT)." In the experiment, four RBTs of Japanese nouns were constructed from 26,023 verb-noun co-occurrences, and each RBT was evaluated by...},
	address = {San Francisco},
	author = {Takenobu, Tokunaga   and Makoto, Iwayama   and Hozumi, Tanaka  },
	booktitle = {Proceedings of the Fourteenth International Joint Conference on Artificial Intelligence},
	citeulike-article-id = {1736508},
	editor = {Mellish, Chris  },
	keywords = {term\_extraction},
	pages = {1308--1313},
	posted-at = {2007-10-07 17:27:52},
	priority = {2},
	publisher = {Morgan Kaufmann},
	title = {Automatic Thesaurus Construction Based on Grammatical Relations},
	year = {1995}
}

@inproceedings{citeulike:281047,
	address = {New York, NY, USA},
	author = {Crouch, Carolyn  J.  and Yang, Bokyung  },
	booktitle = {SIGIR '92: Proceedings of the 15th annual international ACM SIGIR conference on Research and development in information retrieval},
	citeulike-article-id = {281047},
	doi = {10.1145/133160.133180},
	isbn = {0897915232},
	keywords = {thesaurus},
	pages = {77--88},
	posted-at = {2005-08-13 15:07:51},
	priority = {0},
	publisher = {ACM Press},
	title = {Experiments in automatic statistical thesaurus construction},
	year = {1992}
}

@INPROCEEDINGS{Rank93automaticthesaurus,
    author = {Gregory Grefenstette Rank and Gregory Grefenstette},
    title = {Automatic Thesaurus Generation from Raw Text using Knowledge-Poor Techniques},
    booktitle = {In Making Sense of Words. Ninth Annual Conference of the UW Centre for the New OED and text Research},
    year = {1993}
}


@phdthesis{sahlgren,
 author = {Sahlgren, M.},
 title = {The Word-Space Model. Using distributional analysis to represent syntagmatic and paradigmatic relations between words in high-dimensional vector spaces},
 year = {2006},
 publisher = {A PhD dissertation submitted to Stockholm University.} 
 }
 
 @techreport{citeulike:370340,
    abstract = {. Currently, most approaches to retrieving textual materials from scientific databases depend on a lexical match between words in users' requests and those in or assigned to documents in a database. Because of the tremendous diversity in the words people use to describe the same document, lexical methods are necessarily incomplete and imprecise. Using the singular value decomposition (SVD), one can take advantage of the implicit higher-order structure in the association of terms with documents...},
    author = {Berry, Michael W. and Dumais, Susan T. and O'Brien, Gavin W.},
    citeulike-article-id = {370340},
    citeulike-linkout-0 = {http://citeseerx.ist.psu.edu/viewdoc/summary?doi=10.1.1.34.9579},
    keywords = {ir, lsi},
    number = {UT-CS-94-270},
    posted-at = {2008-07-17 18:22:27},
    priority = {2},
    title = {Using Linear Algebra for Intelligent Information Retrieval},
    url = {http://citeseerx.ist.psu.edu/viewdoc/summary?doi=10.1.1.34.9579},
    year = {1994}
}

@techreport{citeulike:34540,
    author = {Berry, Michael W. and Dumais, Susan T. and O'Brien, Gavin W.},
    title = {Matrices, vector spaces, and information retrieval},
    year = {1994}
}




@INPROCEEDINGS{firth,
		author = {Firth, J.R.},
  	title = {A synopsis of linguistic theory 1930-1955.},
    booktitle = {Studies in Linguistic Analysis.  Oxford.},
    year = {1957}
}

@inbook{occam,
	author = {Merriam-Webster's Collegiate Dictionary (11th ed.) },
	publisher = {New York: Merriam-Webster. },
	title = {Occam's razor. },
	year = {2003}
}
 
 
 
@book{grefenstette:1994,
	author = {Grefenstette, Gregory  },
	edition = {1},
	howpublished = {Hardcover},
	isbn = {0792394682},
	month = {July},
	publisher = {Springer},
	title = {Explorations in Automatic Thesaurus Discovery (The Springer International Series in Engineering and Computer Science)},
	year = {1994},
	pages = {200-203}
}

@article{floyd,
 author = {Floyd, Robert W.},
 title = {Algorithm 97: Shortest path},
 journal = {Commun. ACM},
 volume = {5},
 number = {6},
 year = {1962},
 issn = {0001-0782},
 pages = {345},
 doi = {http://doi.acm.org/10.1145/367766.368168},
 publisher = {ACM},
 address = {New York, NY, USA},
 }
