@inproceedings{schmid1994probabilistic,
  title={Probabilistic part-of-speech tagging using decision trees},
  author={Schmid, H.},
  booktitle={Proceedings of international conference on new methods in language processing},
  volume={12},
  pages={44--49},
  year={1994},
  organization={Manchester, UK}
}

@article{fan2008liblinear,
  title={LIBLINEAR: A library for large linear classification},
  author={Fan, R.E. and Chang, K.W. and Hsieh, C.J. and Wang, X.R. and Lin, C.J.},
  journal={The Journal of Machine Learning Research},
  volume={9},
  pages={1871--1874},
  year={2008},
  publisher={JMLR. org}
}

@inproceedings{ulges2011automatic,
  title={Automatic detection of child pornography using color visual words},
  author={Ulges, A. and Stahl, A.},
  booktitle={Multimedia and Expo (ICME), 2011 IEEE International Conference on},
  pages={1--6},
  year={2011},
  organization={IEEE}
}

%%%%%%%%%%%%%%%%%%%%%%%%%%%%%%%%%%%%%%%%%%%%%%%%%%%%%%%%%%%%%%%%%%%%%%%%%%
% me
%%%%%%%%%%%%%%%%%%%%%%%%%%%%%%%%%%%%%%%%%%%%%%%%%%%%%%%%%%%%%%%%%%%%%%%%%%

@inproceedings{beaufort2010hybrid,
  title={A hybrid rule/model-based finite-state framework for normalizing sms messages},
  author={Beaufort, R. and Roekhaut, S. and Cougnon, L.A. and Fairon, C.},
  booktitle={Proceedings of the 48th Annual Meeting of the Association for Computational Linguistics},
  pages={770--779},
  year={2010},
  organization={Association for Computational Linguistics}
}

@article{chang2011libsvm,
  title={LIBSVM: a library for support vector machines},
  author={Chang, C.C. and Lin, C.J.},
  journal={ACM Transactions on Intelligent Systems and Technology (TIST)},
  volume={2},
  number={3},
  pages={27},
  year={2011},
  publisher={ACM}
}

@inproceedings{ulges2011automatic,
  title={Automatic detection of child pornography using color visual words},
  author={Ulges, A. and Stahl, A.},
  booktitle={Multimedia and Expo (ICME), 2011 IEEE International Conference on},
  pages={1--6},
  year={2011},
  organization={IEEE}
}

@inproceedings{schmid1994probabilistic,
  title={Probabilistic part-of-speech tagging using decision trees},
  author={Schmid, H.},
  booktitle={Proceedings of international conference on new methods in language processing},
  volume={12},
  pages={44--49},
  year={1994},
  organization={Manchester, UK}
}

@article{bogdanova2012modelling,
  title={Modelling Fixated Discourse in Chats with Cyberpedophiles},
  author={Bogdanova, D. and Petersburg, S. and Rosso, P. and Solorio, T.},
  journal={EACL 2012},
  pages={86},
  year={2012}
}



@inproceedings{beaufort2011,
author    = {Beaufort, Richard and Roekhaut, Sophie},
title     = "{Le TAL au service de l'ALAO/ELAO. L'exemple des exercices de dict�e automatis�s}",
booktitle = {Actes de la 18$^e$ conf�rence sur le Traitement Automatique des Langues Naturelles (TALN 2011)},
address   = {27 juin--1$^{\hbox{er}}$ juillet, Montpellier, France},
year      = {2011},
note      = {A para�tre}
}
note      = {6 pages. A para�tre}

@article{beaufort2011b,
author    = {Beaufort, Richard and Roekhaut, Sophie},
title     = {{Automation of dictation exercises. A working combination of CALL and NLP}},
journal   = {Computational Linguistics in the Netherlands Journal},
volume    = {1},
pages     = {1--20},
year      = {2011}
}
note      = {\url{http://www.atala.org/IMG/pdf/TAL-2010-51-1-1-Beaufort.pdf}}
publisher = {},

@article{beaufort2010f,
author    = {Beaufort, Richard},
title     = {{Composition filtr�e et marqueurs de r�gles de r��criture pour une distance d'�dition flexible. Application � la correction des mots hors-vocabulaire}},
journal   = {Traitement Automatique des Langues (T.A.L.)},
volume    = {51},
number    = {1},
pages     = {11--40},
year      = {2010},
publisher = {Association pour le Traitement Automatique du Langage (ATALA)},
address   = "Paris, France",
}
note      = {\url{http://www.atala.org/IMG/pdf/TAL-2010-51-1-1-Beaufort.pdf}}

@inproceedings{beaufort2010e,
author    = {Blanc, Olivier and Boubel, No�mi and Goldman, Jean-Philippe and Roekhaut, Sophie and Simon, Anne Catherine and Fairon, C�drick and Beaufort, Richard},
title     = "{Expressive: G�n�ration automatique de parole expressive � partir de donn�es non linguistiques}",
booktitle = {Actes de la 17$^{\hbox{e}}$ conf�rence sur le Traitement Automatique des Langues Naturelles (TALN 2010)},
address   = {Montr�al, Canada},
year      = {2010},
month     = {Juillet},
days      = {19--23},
note     = {Session d�monstration, 4 pages}
}

@inproceedings{beaufort2010d,
author    = {Beaufort, Richard and Mac�, K�vin and Fairon, C�drick},
title     = "{Text-it/Voice-it. Une application mobile de normalisation des SMS}",
booktitle = {Actes de la 17$^{\hbox{e}}$ conf�rence sur le Traitement Automatique des Langues Naturelles (TALN 2010)},
address   = {Montr�al, Canada},
year      = {2010},
month     = {Juillet},
days      = {19--23},
note     = {Session d�monstration, 4 pages}
}

@inproceedings{beaufort2010c,
author    = {Beaufort, Richard and Roekhaut, Sophie and Cougnon, Louise-Am�lie and Fairon, C�drick},
title     = "{Une approche hybride traduction/correction pour la normalisation des SMS}",
booktitle = {Actes de la 17$^{\hbox{e}}$ conf�rence sur le Traitement Automatique des Langues Naturelles (TALN 2010)},
address   = {Montr�al, Canada},
year      = {2010},
month     = {Juillet},
days      = {19--23},
notes     = {10 pages}
}

@inproceedings{beaufort2010b,
author    = {Richard Beaufort, Sophie Roekhaut, Louise-Am�lie Cougnon, C�drick Fairon},
title     = {A hybrid rule/model-based finite-state framework for normalizing SMS messages},
booktitle = {Proceedings of the 48th Annual Meeting of the Association for Computational Linguistics (ACL 2010)},
address   = {Uppsala, Sweden},
year      = {2010},
month     = {July},
days      = {11--16},
pages     = {770--779}
}

@inproceedings{beaufort2010a,
author    = {Anne Dister, G�rald Purnelle, Richard Beaufort},
title     = {Grands ou petits attentats? Mesure de l'impact des r�formes orthographiques sur la physionomie des textes},
booktitle = {Proceedings of the 10th International Conference on statistical analysis of textual data (JADT 2010)},
address   = {Roma, Italy},
year      = {2010},
month     = {June},
days      = {9--11},
pages     = {1157--1164}
}

@inproceedings{beaufort2009b,
author     = {Cougnon, Louise-Am�lie and Beaufort, Richard},
title      = "{SSLD: a French SMS to Standard Language Dictionary}",
editor     = {Granger, Sylviane and Paquot, Magali},
booktitle  = {Proceedings of eLexicography in the 21st century: New applications, new challenges (eLEX 2009)},
collection = {Cahiers du CENTAL num�ro 7},
year       = {2009},
month      = {October},
days       = {22--24},
publisher  = {Presses Universitaires de Louvain},
Address    = {Louvain-la-Neuve, Belgium},
pages      = {33--42}
}

@inproceedings{beaufort2009a,
author     = {Beaufort, Richard and Dister, Anne and Naets, Hubert and Mace, K�vin and Fairon, C�drick},
title      = "{Recto/Verso. Un syst�me de conversion automatique ancienne/nouvelle orthographe � vis�e linguistique et didactique}",
booktitle  = {Actes de la 16$^{\hbox{e}}$ conf�rence sur le Traitement Automatique des Langues Naturelles (TALN 20009)},
Address    = {Senlis, France},
year       = {2009},
month      = {juin},
days       = {24--26},
note       = {10 pages} 
}

@inproceedings{beaufort2008c,
author     = {Mancas-Thillou, C�line and Beaufort, Richard},
title      = "{Correction de formulaires bas�e sur des machines pond�r�es � �tats finis}",
booktitle  = {Actes du dixi�me Colloque International Francophone sur l��crit et le Document (CIFED 2008)},
Address    = {Rouen, France},
year       = {2008},
month      = {octobre},
days       = {28--30},
pages      = {43--48}
}

@inproceedings{beaufort2008b,
author     = {Beaufort, Richard and Roekhaut, Sophie and Fairon, C�drick},
title      = "{D�finition d'un syst�me d'alignement SMS/fran�ais standard � l'aide d'un filtre de composition}",
booktitle  = {Proceedings of the 9th International Conference on statistical analysis of textual data (JADT 2008)},
Address    = {Lyon, France},
year       = {2008},
month      = {March},
days       = {12--14},
pages      = {155--166} 
}

@phdthesis{beaufort2008a,
author  = {Beaufort, Richard},
title   = "{Application des machines � etats finis en synth�se de la parole. S�lection d'unit�s non uniformes et correction orthographique}",
school  = "Research Center in Information Systems Engineering (PReCISE), Facult� d'informatique, Facult�s Universitaires Notre-Dame de la Paix (FUNDP)",
year    = "2008",
month   = {mars},
days     = {4},
address = "Namur, Belgique",
note    = "605 pages"
}

@inproceedings{beaufort08b,
author    = {Beaufort, Richard and Roekhaut, Sophie and Fairon, C�drick},
title     = "{D�finition d'un syst�me d'alignement SMS/fran�ais standard � l'aide d'un filtre de composition}",
booktitle = {Proc. JADT'08},
year      = {2008},
pages     = {155--166}
}

@inproceedings{beaufort07,
author    = {Beaufort, Richard and Mancas-Thillou, C.},
title     = "{A Weighted Finite-State Framework for Correcting Errors in Natural Scene OCR}",
booktitle = {Proc. ICDAR'07},
year      = {2007},
pages     = {889--893}
}

@techreport{beaufort07b,
author       = {Beaufort, Richard},
title        = "{Ovide documentation. From regular expressions and rewrite rules to finite-state machines}",
institution  = {Multitel ASBL},
year         = {2007},
note         = {Version 1.4.2},
address      = "{\tt{\url{http://cental.fltr.ucl.ac.be/team/beaufort/publi.html}}}"
}

@inproceedings{beaufort06,
author    = {Beaufort, Richard and Ruelle, Alain},
title     = "{eLite: Syst\`{e}me de synth\`{e}se de la parole \`{a} orientation linguistique}",
booktitle = {Proc. JEP},
year      = {2006},
pages     = {509--512}
}

@techreport{beaufort06b,
author       = {Beaufort, Richard},
title        = "{FSM library: Description de l'API}",
institution  = {Multitel ASBL},
year         = {2006},
address      = "{\tt{\url{http://cental.fltr.ucl.ac.be/team/beaufort/publi.html}}}"
}

@techreport{beaufort06c,
author       = {Beaufort, Richard},
title        = {Compiling rewrite rules into finite-state transducers},
institution  = "{Multitel ASBL}",
month        = {February},
year         = {2006},
address      = "{\tt{\url{http://cental.fltr.ucl.ac.be/team/beaufort/publi.html}}}"
}

@misc{beaufort06d,
author       = {Beaufort, Richard and Colotte, V.},
title        = "{Method and device for speech synthesis}",
howpublished = {European Patent EP1640968},
month        = {March},
year         = 2006
}

@inproceedings{beaufort05,
author    = {Colotte, Vincent and Beaufort, Richard},
title     = "{Linguistic features weighting for a text-to-speech system without prosody model}",
booktitle = {Proc. Interspeech'05},
year      = {2005},
pages     = {2549--2552}
}

@inproceedings{beaufort04,
author    = {Colotte, Vincent and Beaufort, Richard},
title     = "{Synth�se vocale par s�lection linguistiquement orient�e d'unit�s non-uniformes~: LiONS}",
booktitle = {Proc. JEP'04},
year      = {2004}
}

@inproceedings{beaufort02,
author    = {Beaufort, Richard and Dutoit, Thierry and Pagel, Vincent},
title     = "{Analyse syntaxique du fran�ais. Pond�ration par trigrammes liss�s et classes d'ambigu�t�s lexicales}",
booktitle = {Proc. JEP},
year      = {2002},
pages     = {133--136}
}

%%%%%%%%%%%%%%%%%%%%%%%%%%%%%%%%%%%%%%%%%%%%%%%%%%%%%%%%%%%%%%%%%%%%%%%%%%
% dictation
%%%%%%%%%%%%%%%%%%%%%%%%%%%%%%%%%%%%%%%%%%%%%%%%%%%%%%%%%%%%%%%%%%%%%%%%%%

@InProceedings{antoniadis09,
  title={{NLP and CALL: integration is working}},
  author={Antoniadi, sGeorges and Granger, Sylviane and Kraif, Olivier and Ponton, Claude and Zampa, Virginie},
  booktitle = {Proceedings of TaLC7, 7th Conference of Teaching and Language Corpora},
  year={2009}
}

@book{catach95,
title = {{L'orthographe, Que Sais--je?}},
author = {Catach, Nina},
publisher = {P.U.F}, 
volume = {685},
edition = {6�me �dition corrig�e},
year={1995},
}

@book{cefrl2001,
  title={{Common European Framework of Reference for Languages: Learning, Teaching, Assessment}},
  author={{Council of Europe and Education}},
  year={2001},
  publisher={Press Syndicate of the University of Cambridge}
} 
author={{Council of Europe and Education Committee and Council for Cultural Co-operation}},

@book{cecrl2001,
  title={{Cadre europ{\'e}en commun de r{\'e}f{\'e}rence pour les langues : apprendre, enseigner, {\'e}valuer}},
  author={{Conseil de l'Europe}},
  publisher={Hatier},
  address={Paris},
  year={2001}
}


@article{coniam96,
  title={{Computerized dictation for assessing listening proficiency}},
  author={Coniam, D.},
  journal={Calico Journal},
  volume={13},
  pages={73--86},
  year={1996},
}

@article{desmet05,
  title={{Les enjeux de la cr�ation d'un environnement d'apprentissage �lectronique ax� sur la compr�hension orale � l'aide du syst�me auteur IDIOMA-TIC}},
  author={Desmet, Piet and H�roguel, Armand},
  journal={Alsic. Apprentissage des Langues et Syst�mes d'Information et de Communication},
  volume ={8},
  number={ 1},
  pages={281--303},
  year={2005},
  publisher={Revue.org}
}

@article{desmet06,
  title={{L'enseignement/apprentissage des langues � l'�re du num�rique: tendances r�centes et d�fis}},
  author={Desmet, Piet},
  journal={Revue fran�aise de linguistique appliqu�e},
  volume={11},
  number={1},
  pages={119--138},
  year={2006},
  publisher={Publications Linguistiques}
}

@book{didier04,
author={Didier, Jean-Jacques and Seron, Michel},
title = {Manuel d'orthographe. 60 dict�es progressives avec exercices et corrig�s.},
publisher = {De Boeck--Duculot},
year={2004}
}

@InProceedings{didier06,
author = {Didier, Jean-Jacques and Seron, Michel},
title = {Un manuel d'orthographe pour les autodidactes: l'esprit et la m�thode},
booktitle = {"Le fran�ais m'a tuer": actes du Colloque L'orthographe fran�aise � l'�preuve du sup�rieur, Institut libre Marie Haps, Bruxelles, 27 mai 2005},
year = {2006},
publisher = {Les Cahiers du CENTAL},
pages = {23--32}
}

@InProceedings{didier06b,
author = {Didier, Jean-Jacques and Fairon, C�drick},
title = {Introduction},
booktitle = {"Le fran�ais m'a tuer": actes du Colloque L'orthographe fran�aise � l'�preuve du sup�rieur, Institut libre Marie Haps, Bruxelles, 27 mai 2005},
year = {2006},
publisher = {Les Cahiers du CENTAL},
pages = {5}
}

@InProceedings{fairon09,
author = {Fairon, C�drick and Simon, Anne Catherine},
title =  {Informatisation d'un corpus de dict�es: 40 ann�es de pratique orthographique (1967-2008)},
booktitle = {Pour l'amour des mots. Glanures lexicales, dictionnairiques, grammaticales et syntaxiques. Hommage � Mich�le Lenoble-Pinson.},
year = {2009},
pages = {131-154}
}

@article{gamper02,
  title={A review of intelligent CALL systems},
  author={Gamper, J. and Knapp, J.},
  journal={Computer Assisted Language Learning},
  volume={15},
  number={4},
  pages={329--342},
  year={2002},
}

@book{goosse91,
title = {{La <<~nouvelle~>> orthographe}},
author = {Goosse, Andr�},
year={1991},
publisher = {Duculot, Gembloux} 
}

@article{granger03,
  title={{Error-tagged learner corpora and CALL: a promising synergy}},
  author={Granger, Sylviane},
  journal={Calico Journal. Special Issue Error Analysis and Error Correction in Computer-Assisted Language Learning},
  pages={465--480},
  year={2003}
}  

@article{handley09,
  title={{Is text-to-speech synthesis ready for use in computer-assisted language learning?}},
  author={Handley, Z.},
  journal={Speech Communication},
  volume={51},
  number={10},
  pages={906--919},
  year={2009},
  publisher={Elsevier}
}

@article{heift04,
  title={{Corrective feedback and learner uptake in CALL}},
  author={Heift, T.},
  journal={ReCALL},
  volume={16},
  number={2},
  pages={416--431},
  year={2004},
}

@article{irvine74,
  title={{Cloze, dictation, and the test of English as a foreign language}},
  author={Irvine, Patricia and  Atai, Parvin and Oller Jr.,  John W.},
  journal={Language Learning},
  volume={24},
  number={2},
  pages={245--252},
  year={1974},
  publisher={Language Learning Research Club, University of Michigan}
}

@book{jaffre92,
  title={Didactique de l'orthographe},
  author={Jaffr�, Jean-Pierre},
  year={1992},
  publisher={Paris: Hachette}
}

@InProceedings{kraif07,
  title={{Du bruit, du silence et des ambigu�t�s: que faire du TAL pour l'apprentissage des langues}},
  author={Kraif, O. and Ponton, C.},
  booktitle={Actes de la conf�rence sur le Traitement Automatique des Langues Naturelles (TALN 2007) },
  year={2007}
}


@article{lhaire03a,
  title={{Diagnostic d'erreurs dans le projet FreeText}},
  author={L'haire, S. and Vandeventer Faltin, A. },
  journal={Alsic. Apprentissage des Langues et Syst�mes d'Information et de Communication},
  volume = {6},
  number={2},
  pages={21--37},
  year={2003},
  publisher={Revue.org}
}

@article{lhaire03b,
  title={{Error diagnosis in the FreeText project}},
  author={L'haire, S. and  Vandeventer Faltin, A. },
  journal={Calico Journal. Special Issue Error Analysis and Error Correction in Computer-Assisted Language Learning},
  pages={481--495},
  year={2003}
}  

@InProceedings{lhaire04,
author = {L'haire, S.},
title = {{Vers un feedback plus intelligent. Les enseignements du projet FreeText.}},
booktitle = {Journ�e d'�tude de l'ATALA. TAL \& Apprentissage des langues},
year={2004}
}

@conference{legros06,
  title={{Un socle de comp�tences orthographiques pour l'enseignement sup�rieur?}},
  author={Legros, G.},
  booktitle={" Le fran�ais m'a tuer": actes du Colloque L'orthographe fran�aise � l'�preuve du sup�rieur, Institut libre Marie Haps, Bruxelles, 27 mai 2005},
  pages={69--79},
  year={2006},
  organization={Presses univ. de Louvain}
}

@book{manesse07,
author={Manesse, Dani�le},
title={ Orthographe:  � qui la faute ?},
year={2007},
publisher={ESF editor}
}

@article{rahimi08,
  title={{Using Dictation to Improve Language Proficiency}},
  author={Rahimi, Mohammad},
  journal={Asian EFL Journal},
  volume={10},
  number={1},
  pages={33-47},
  year={2008},
  publisher={Asian EFL Journal}
}

@article{rimrott05,
  author={Rimrott, A. and Heift, T.},
  title={{Language Learners and Generic Spell Checkers in CALL}},
  journal={Calico Journal},
  volume={23},
  number={1},
  year={2005},
  publisher={}
}

@article{ruggia00,
  author={Ruggia, Simona},
  title={La Dict�e Interactive},
  journal={Alsic. Apprentissage des Langues et Syst�mes d'Information et de Communication},
  volume ={3},
  number={ 1},
  pages={99-108},
  year={2000},
  publisher={Revue.org}

}

@InProceedings{santiago99,
author = {Santiago-Oriola, Conception and P�rennou, Guy},
title = "{From Phoneme to Grapheme: Diagnosis in a Dictation }",
booktitle = "{XIVth International Congress of Phonetic Sciences (ICPhS) , San Francisco, Californie, 01/08/99-07/08/99}",
year = {1999},
month = {ao�t},
publisher = {Berkeley Univ. },
}

@phdthesis{santiago98,
author = {Santiago-Oriola, Conception}, 
title = {Syst�me vocal interactif pour l'apprentissage des langues - la synth�se de la parole au service de la dict�e},
school = {Toulouse III},
year = {1998}
}

@InProceedings{tschichold06,
  author={Tschichold, Cornelia},
  title={{Intelligent CALL: The magnitude of the task}},
  booktitle={{Verbum ex machina: actes de la 13$^{\hbox{e}}$ conf�rence sur le traitement automatique des langues naturelles (TALN 2006)}},
  year={2006}
}


%%%%%%%%%%%%%%%%%%%%%%%%%%%%%%%%%%%%%%%%%%%%%%%%%%%%%%%%%%%%%%%%%%%%%%%%%%
% nlg
%%%%%%%%%%%%%%%%%%%%%%%%%%%%%%%%%%%%%%%%%%%%%%%%%%%%%%%%%%%%%%%%%%%%%%%%%%





%%%%%%%%%%%%%%%%%%%%%%%%%%%%%%%%%%%%%%%%%%%%%%%%%%%%%%%%%%%%%%%%%%%%%%%%%%
% to sort
%%%%%%%%%%%%%%%%%%%%%%%%%%%%%%%%%%%%%%%%%%%%%%%%%%%%%%%%%%%%%%%%%%%%%%%%%%

@conference{fisher99,
  title={{A statistical text-to-phone function using ngrams and rules}},
  author={Fisher, W.M.},
  booktitle={Proc. of ICASSP},
  volume={2},
  pages={649--652},
  year={1999}
}

@book{frehner2008,
  title={{Email, SMS, MMS: the linguistic creativity of asynchronous discourse in the new media age}},
  author={Frehner, C.},
  year={2008},
  publisher={Peter Lang}
}


@conference{papineni2001,
  title={{BLEU: a method for automatic evaluation of machine translation}},
  author={Papineni, Kishore and Roukos, Salim and Ward, Todd and Zhu, Wei-Jing},
  booktitle={Proc. ACL 2001},
  pages={311--318},
  year={2001}
}

@article{choudhury2007,
title={{Investigation and modeling of the structure of texting language}},
author={Choudhury, Monojit and Saraf, Rahul and Jain, Vijit and Mukherjee, Animesh and Sarkar1, Sudeshna and Basu, Anupam},
journal={International Journal on Document Analysis and Recognition},
volume={10},
number={3},
pages={157--174},
year={2007},
publisher={Springer}
}

@inproceedings{bangalore2002,
 author = {Bangalore, Srinivas and Murdock, Vanessa and Riccardi, Giuseppe},
 title = {Bootstrapping bilingual data using consensus translation for a multilingual instant messaging system},
 booktitle = {Proc. the 19th international conference on Computational linguistics},
 year = {2002},
 pages = {1--7},
 location = {Taipei, Taiwan},
 doi = {http://dx.doi.org/10.3115/1072228.1072362},
 address = {Morristown, NJ, USA},
 }

@inproceedings{cook2009,
  title={{An unsupervised model for text message normalization}},
  author={Cook, Paul and Stevenson, Suzanne},
  booktitle={Proc. Workshop on Computational Approaches to Linguistic Creativity},
  pages={71--78},
  year={2009}
}

@article{sproat2001,
  title={{Normalization of non-standard words}},
  author={Sproat, Richard and Black, A.W. and Chen, S. and Kumar, S. and Ostendorf, M. and Richards, C.},
  journal={Computer Speech \& Language},
  volume={15},
  number={3},
  pages={287--333},
  year={2001},
  publisher={Elsevier}
}

@conference{bieswanger2007,
  title={{abbrevi8 or not 2 abbrevi8: A contrastive analysis of different space and time-saving strategies in English and German text messages}},
  author={Bieswanger, Markus},
  booktitle={Texas Linguistics Forum},
  volume={50},
  year={2007}
}

@article{thurlow2003,
  title={{Generation txt? The sociolinguistics of young people's text-messaging}},
  author={Thurlow, Crispin and Brown, Alex},
  journal={Discourse Analysis Online},
  volume={1},
  number={1},
  year={2003}
}





%%%%%%%%%%%%%%%%%%%%%%%%%%%%%%%%%%%%%%%%%%%%%%%%%%%%%%%%%%%%%%%%%%%%%%%%%%
% personal papers, reports, articles
%%%%%%%%%%%%%%%%%%%%%%%%%%%%%%%%%%%%%%%%%%%%%%%%%%%%%%%%%%%%%%%%%%%%%%%%%%

@inproceedings{blind02,
author    = {Blind, Reference},
title     = "{Blind  title for the purpose of the reviewing process}",
booktitle = {Proc. Blind Conference},
year      = {200u},
pages     = {0--0}
}

@inproceedings{blind05,
author    = {Blind, Reference},
title     = "{Blind  title for the purpose of the reviewing process}",
booktitle = {Proc. Blind Conference},
year      = {200v},
pages     = {0--0}
}

@inproceedings{blind06,
author    = {Blind, Reference},
title     = "{Blind  title for the purpose of the reviewing process}",
booktitle = {Proc. Blind Conference},
year      = {200w},
pages     = {0--0}
}

@inproceedings{blind07,
author    = {Blind, Reference},
title     = "{Blind  title for the purpose of the reviewing process}",
booktitle = {Proc. Blind Conference},
year      = {200x},
pages     = {0--0}
}

@inproceedings{blind08,
author    = {Blind, Reference},
title     = "{Blind  title for the purpose of the reviewing process}",
booktitle = {Proc. Blind Conference},
year      = {200y},
pages     = {0--0}
}

@inproceedings{blind09,
author    = {Blind, Reference},
title     = "{Blind  title for the purpose of the reviewing process}",
booktitle = {Proc. Blind Conference},
year      = {200z},
pages     = {0--0}
}

@proceedings{trec06,
editor    =  {Voorhees, E.M. and Buckland, L.P.},
title     = "{Fifteenth Text REtrieval Conference (TREC 2006)}",
year      = {2006},
address   = {Gaithersburg, Maryland},
month     = {November}
}


@InProceedings{fairon06,
  author	= {Fairon, C�drick and Paumier, S�bastien},
  title		= {{A translated corpus of 30,000 French SMS}},
  booktitle = "{Proc. LREC 2006}",
  year		= {2006},
  days		= {24-26},
  month		= may,
  lang		= {EN},
  note		= { }
}

@book{fairon2006b,
  title={{Le langage SMS: �tude d'un corpus informatis� � partir de l'enqu�te Faites don de vos SMS � la science}},
  author={Fairon, C�crick. and Klein, Jean R. and Paumier, S�bastien},
  year={2006},
  note={136 pages},
publisher={Presses Universitaires de Louvain}
}
Address = {Louvain-la-Neuve, Belgium}




%%%%%%%%%%%%%%%%%%%%%%%%%%%%%%%%%%%%%%%%%%%%%%%%%%%%%%%%%%%%%%%%%%%%%%%%%%
% others
%%%%%%%%%%%%%%%%%%%%%%%%%%%%%%%%%%%%%%%%%%%%%%%%%%%%%%%%%%%%%%%%%%%%%%%%%%

@conference{allauzeni03,
  title={{Generalized algorithms for constructing statistical language models}},
  author={Allauzen, C. and Mohri, Mehryar and Roark, B.},
  booktitle={Proc. ACL'03},
  pages={40--47},
  year={2003}
}

@inproceedings{allauzen04,
author    = {Allauzen, C. and Mohri, Mehryar and Riley, Michael},
title     = "{Statistical modeling for unit selection in speech synthesis}",
booktitle = {Proc. ACL'04},
year      = {2004},
pages     = {55--62},
address   = {Barcelona, Spain}
}

@inproceedings{allauzen07,
author    = {Allauzen, C. and Riley, Michael and Schalkwyk, J. and Skut, W. and Mohri, Mehryar},
title     = "{OpenFst: A general and efficient weighted finite-state transducer library.}",
booktitle = {Implementation and Application of Automata, 12th International Conference (CIAA 2007)},
editor    = {Holub, J. and Zd�rek, J.},
pages     = {11--23},
publisher = {Springer},
series    = {Lecture Notes in Computer Science},
volume    = {4783},
year      = {2007}
}

@InProceedings{allauzen08,
author    = {Allauzen, C. and Mohri, Mehryar},
title     = {Linear-space computation of the edit-distance between a string and a finite automaton},
booktitle = {London Algorithmics 2008: Theory and Practice},
pages     = {55--62},
month     = {June},
year      = {2008},
volume    = {11},
series    = {Texts in Algorithmics},
publisher = {College Publications London}
}

@article{angell83,
author    = {Angell, R.  and Freund, G. and Willett, P.},
title     = "Automatic spelling correction using a trigram similarity measure",
journal   = {Information Processing and Management},
volume    = 19,
number    = 4,
year      = 1983,
pages     = {305--316}
}

@book{aho74,
author    = {Aho, A.V. and Hopcroft, J.E. and Ullman, J.D.},
title     = "{The Design and Analysis of Computer Algorithms}",
publisher = "Addison-Wesley",
year      = "1974"
}

@book{aho86,
author    = {Aho, A.V. and Sethi, R. and Ullman, J.D.},
title     = "{Compilers, Principles, Techniques and Tools}",
publisher = "Addison-Wesley",
year      = "1986"
}

@incollection{aho90,
author    = {Aho, A.V.},
title     = "Algorithms for finding patterns in strings",
booktitle = {Handbook of Theoretical Computer Science},
publisher = {Elseviers Science Publishers},
address   = {B.V., Amsterdam},
year      = {1990},
pages     = {256--300}
}

@incollection{atwell87,
author    = {Atwell, E. and Elliott, S.},
title     = "Dealing with ill-formed {English} text",
editor    = {Garaside, R. and Leach, G. and Sampson, G.},
booktitle = "The Computational Analysis of English: A Corpus-Based Approach",
publisher = "Longman Inc.",
address   = "New York",
year      = "1987",
chapter   = "10"
}

@inproceedings{aw06,
title       = "A Phrase-Based Statistical Model for {SMS} Text Normalization",
author      = {Aw, AiTi and Zhang, Min and Xiao, Juan and Su, Jian},
booktitle   = "Proc. COLING/ACL 2006",
url         = {http://dblp.uni-trier.de/db/conf/acl/acl2006.html#AwZXS06},
year        = {2006},
ee          = {http://acl.ldc.upenn.edu/P/P06/P06-2005.pdf},
date        = {2006-11-03}
}

@inproceedings{balestri99,
author    = {Balestri, M. and Pacchiotti, A. and Quazza, S. and Salza, P.L. and Sandri, S.},
title     = "Choose the best to modify the least: A new generation concatenative synthesis system",
booktitle = {Proc. Eurospeech'99},
address   = "Budapest, Hungary",
year      = "1999",
pages     = "2291--2294"
}

@inproceedings{bassino07,
author    = {Bassino, F. and David, J. and Nicaud, C.},
title     = "{REGAL: A library to randomly and exhausively generate automata}",
booktitle = {Proc. CIAA},
address   = "Budapest, Hungary",
year      = "1999",
pages     = "2291--2294"
}

@article{baum72,
author    = {Baum, L.E.},
title     = "{An inequality and associated maximization technique in statistical estimation for probabilistic functions of markov processes}",
journal   = {Inequalities},
year      = 1972,
volume    = 3,
pages     = {1--8}
}

@article{beal00,
author    = {B�al, M.P. and Carton, O.},
title     = "Computing the prefix of an automaton",
journal   = {Theoretical Informatics and Applications},
year      = 2000,
volume    = 34,
number    = 6,
pages     = {503--514}
}

@book{bellman62,
author       = {Bellman, R. and Dreyfus, S.},
title        = "{Applied Dynamic Programming}",
publisher    = {Princeton University Press},
address      = {New Jersey},
year         = {1962}
}

@article{bentley85,
author    = {Bentley, J.},
title     = "A spelling checker",
journal   = {Communications of the ACM},
year      = 1985,
volume    = 28,
number    = 5,
pages     = {456--462}
}

@inproceedings{beutnagel99a,
author    = {Beutnagel, M. and Conkie, A. and Schroeter, J. and Stylianou, Y. and Syrdal, A.},
title     = "{The AT\&T Next-Gen TTS System}",
booktitle = "Joint Meeting of ASA, EAA, and DAGA",
year      = "1999",
month     = "March",
address   = "Berlin, Germany"
}

@inproceedings{beutnagel99b,
author    = {Beutnagel, M. and Mohri, Mehryar and Riley, Michael},
title     = "{Rapid unit selection from a large speech corpus for concatenative speech synthesis}",
booktitle = "Proc. Eurospeech'99",
year      = "1999",
address   = "Budapest"
}

@inproceedings{black94,
author    = {Black, A.W. and Taylor, P.},
title     = "{CHATR}: A generic speech synthesis system",
booktitle = {Proc. COLING'94},
address   = "Kyoto, Japan",
year      = "1994",
volume    = "2",
pages     = "983--986",
}

@inproceedings{black95,
author    = {Black, A.W. and Campbell, N.},
title     = "{Optimising selection of units from speech databases for concatenative synthesis}",
booktitle = {Proc. Eurospeech'95},
address   = "Madrid, Spain",
pages     = "581--584",
year      = "1995"
}

@inproceedings{black97,
author    = {Taylor, P. and Black, A.W.},
title     = "{Automatically Clustering Similar Units for Unit Selection in Speech Synthesis}",
booktitle = "{Proc. Eurospeech'97}",
address   = "Rhodes, Greece",
pages     = "601--604",
year      = "1997"
}

@techreport{black97b,
author       = {Black, A.W. and Taylor, P. and Caley, R.},
title        = "{The Festival Speech Synthesis System: System Documentation}",
institution  = {University of Edinburgh},
year         = {1997}
}

@inproceedings{black98,
author    = {Black, A.W. and Lenzo, K. and Pagel, V.},
title     = "{Issues in building general letter-to-sound rules}",
booktitle = {Proc. 3rd ESCA/COCSADA Workshop on Speech Synthesis},
year      = {1998},
pages     = {77--81}
}

@misc{black99,
author       = {Black, A.W.  and Caley, R. and Taylor, P.},
title        = "The {Festival} speech synthesis system",
year         = "1999",
howpublished = "http://www.cstr.ed.ac.uk/projects/festival/"
}

@inproceedings{black01,
author    = {Black, A.W. and Lenzo, K.},
title     = "{Optimal Data Selection for Unit Selection Synthesis}",
booktitle = "Proc. 4rd ESCA/COCSADA Workshop on Speech Synthesis",
year      = "2001",
pages     = {63--67}
}

@inproceedings{black03,
author    = {Black, A.W.},
title     = "{Unit Selection and Emotional Speech}",
booktitle = {Proc. Eurospeech'03},
year      = {2003}
}

@inproceedings{boite97,
author    = {Bo�te, J.M. and Dupont, S. and Ris, C. and Bataille, F. and Deroo, O. and  Fontaine, V. and  Zanoni, L.},
title     = "{STRUT: Un logiciel complet pour l'entrainement et la reconnaissance de la parole}",
booktitle = {Proc. Premi�res Journ�es Scientifiques et Techniques FRANCIL},
year      = {1997},
pages     = {41--44}
}

@book{boite00,
author       = {Bo�te, R. and Bourlard, H. and Dutoit, T. and Hancq, J. and Leich, H.},
title        = "Traitement de la parole",
volume       = {},
publisher    = {Presses Polytechniques et Universitaires Romandes},
address      = {Lausanne},
year         = {2000}
}

@article{boersma01,
author    = {Boersma, P.},
title     = {PRAAT, a system for doing phonetics by computer},
journal   = {Glot International},
year      = {2003},
pages     = {341--345},
volume    = {5},
number    = {9--10}
}

@phdthesis{bosch97,
title   = {Learning to Pronounce Written Words: A Study in Inductive Language Learning},
author  = {van den Bosch, A.P.J.},
school  = {University of Maastricht},
year    = {1997},
address = {Maastricht, The Netherlands}
}

@incollection{bozkurt04,
author    = {Bozkurt, B. and Dutoit, T. and Prudon, R. and D'Alessandro, C. and Pagel, V.},
title     = "{Chapter 1: Reducing discontinuities at synthesis time for corpus-based speech synthesis}",
booktitle = "{Text To Speech Synthesis: New Paradigms and Advances}",
editor    = {Narayanan, S. and Alwan, A.},
publisher = "Prentice Hall PTR",
year      = "2004"
}

@inproceedings{breen98,
author    = {Breen, A.P. and Jackson, P.},
title     = "{A phonologically motivated method of selecting non-uniform units}",
booktitle = {Proc. In ICSLP'98},
year      = {1998},
month     = {November}
}

@inproceedings{breen98b,
author    = {Breen, A.P. and Jackson, P.},
title     = "{Non-Uniform Unit} selection and the similarity metric within {BT}'s laureate {TTS} system",
booktitle = {Proc. 3rd ESCA/COCOSDA Workshop on Speech Synthesis},
year      = {1998},
month     = {November},
pages     = {201--206}
}

@book{breiman84,
author    = {Breiman, L. and Friedman, J. and Stone, C.J. and Olshen, R.A.},
title     = "{Classification and Regression Trees}",
publisher = {Chapman \& Hall/CRC},
month     = {January},
year      = {1984}
}

@inproceedings{breslauer95,
author    = {D. Breslauer},
title     = "The suffix Tree of a Tree and Minimizing Sequential Transducers",
booktitle = "Proc. the7th Annual Symposium on Combinatorial Pattern Matching",
publisher = "Springer-Verlag, Berlin",
address   = "Laguna Beach, CA",
editor    = {Hirschberg, D. S. and Myers, E. W.},
pages     = "116--129",
year      = "1995"
}

@inproceedings{brill92,
author    = {Brill, E.},
title     = "{A simple rule-based part-of-speech tagger}",
booktitle = "Proc. {ANLP}-92, 3rd Conference on Applied Natural Language Processing",
address   = "Trento, IT",
pages     = "152--155",
year      = "1992"
}


@article{brill95,
author  = {Brill, E.},
title   = "Transformation-based error-driven learning and natural language processing: A case study in part-of-speech tagging",
journal = "Computational Linguistics",
volume  = "21",
number  = "4",
pages   = "543--565",
year    = "1995",
url     = "citeseer.ist.psu.edu/article/brill95transformationbased.html"
}

@inproceedings{briandais59,
author    = {de la Briandais, R.},
title     = "{File Searching Using Variable Length Keys}",
booktitle = "{Proc. the Western Joint Computer Conference}",
year      = {1959},
pages     = {295--298}
}

@inproceedings{brill00,
author    = {Brill, E. and Moore, R. C.},
title     = "{An improved error model for noisy channel spelling correction}",
booktitle = "{Proc. ACL 2000}",
year      = {2000},
pages     = {286--293}
}

@book{kucera67,
author    = {Ku\v{c}era, H. and Francis, W.N.},
title     = "{Computational Analysis of Present-Day American English}",
publisher = "{Brown University Press}",
address   = "{Providence, RI}",
year      = "1967"
}

@article{bruggemann03,
author    = {Br�ggemann-Klein, A. and Wood, D.},
title     = {On predictive parsing and extended context-free grammars},
journal   = {Computer science in perspective},
year      = {2003},
pages     = {69--87},
publisher = {Springer-Verlag New York, Inc.}
}

@inproceedings{bulyko01a,
author    = {Bulyko, I. and Ostendorf, M.},
title     = "{Joint prosody prediction and unit selection for concatenative speech synthesis}",
booktitle = "Proc. ICASSP'01.",
year      = "2001"
}

@inproceedings{bulyko01b,
author    = {Bulyko, I. and Ostendorf, M.},
title     = "{Unit selection for speech synthesis using splicing costs with weighted nite state transducers}",
booktitle = "Proc. Eurospeech'01.",
year      = "2001"
}

@phdthesis{bulyko02,
author    = {Bulyko, I.},
title     = "{Flexible Speech Synthesis using Weighted Finite State Transducers}",
school    = "{University of Washington}",
year      = {2002}
}

@article{burges98,
author    = {Burges, C.J.C.},
title     = "A Tutorial on Support Vector Machines for Pattern Recognition",
journal   = {Data Mining and Knowledge Discovery},
year      = 1998,
volume    = {2},
pages     = {121--167}
}

@inproceedings{burr87,
author    = {Burr, D.J.},
title     = "Experiments with a connectionist text reader",
booktitle = {IEEE International Conference on Neural Networks},
volume    = {4},
year      = {1987},
pages     = {717--724}
}

@inproceedings{buchsbaum96,
author    = {Buchsbaum, A.L. and van Santen, J.P.H.},
title     = "{Selecting training inputs via greedy rank covering}",
booktitle = "{SODA '96: Proc. the Seventh Annual ACM-SIAM Symposium on Discrete algorithms}",
year      = {1996},
pages     = {288--295},
address = {Philadelphia, PA, USA}
}

@inproceedings{carter92,
author    = {Carter, D.M.},
title     = "Lattice-based word identification in {CLARE}",
booktitle = {Proc. ACL'92},
year      = {1992},
pages     = {159--166}
}

@book{charniak93,
author    = {Charniak, E.},
title     = "Statistical Language Learning",
publisher = "MIT Press",
address   = "Cambride, MA",
year      = "1993"
}

@inproceedings{charpentier86,
author    = {Charpentier, F.J. and Stella, M.G.},
title     = "{Diphone synthesis using an overlap-add technique for speech waveforms concatenation}",
booktitle = {Proc. IEEE'86},
year      = {1986},
address   = {Tokyo, Japan}
}

@inproceedings{chen92,
author    = {Chen, D. and Giles, C.L. and Sun, G.Z. and Chen, H.H. and Lee, Y.C.},
title     = "{Learning finite state transducers with a recurrent neural network}",
booktitle = {IJCNN International Joint Conference on Neural Networks},
volume    = 1,
year      = {1992},
address   = {Beijing, China}
}

@techreport{chen98,
author       = {Chen, Stanley F. and Goodman, Joshua},
title        = "An Empirical Study of Smoothing Techniques for Language Modeling",
institution  = {Computer Science Group, Harvard University},
number       = {10-98},
year         = {1998}
}

@article{cherkassky89,
author    = {Cherkassky, V. and Vassilas, N.},
title     = "Back-propagation networks for spelling correction",
journal   = {Neural Networks},
year      = 1989,
volume    = {1},
number    = {3},
pages     = {166--173}
}

@phdthesis{choffrut78,
title   = {Contribution � l'�tude de quelques familles remarquables de fonctions rationnelles},
author  = {Choffrut, C.},
school  = {Universit� Paris VII},
year    = {1978},
address = {Paris, France}
}

@article{choffrut03,
author  = {Choffrut, C.},
title   = {Minimizing subsequential transducers: A survey},
journal = {Theoretical Computer Science},
volume  = {292},
number  = {1},
year    = {2003},
pages   = {131--143},
publisher = {Elsevier Science Publishers Ltd.},
address = {Essex, UK}
}

@article{chomsky56,
author    = {Chomsky, N.},
title     = "Three models for the description of language",
journal   = {I.R.E. Transactions on Information Theory},
year      = 1956,
volume    = {IT-2},
number    = {3},
pages     = {113--124}
}

@Book{chomsky57,
author    = {Chomsky, N.},
title     = "{Syntactic Structures}",
publisher = {Mouton and Co},
year      = {1957},
address   = {The Hague}
}

@article{chomsky63,
author    = {Chomsky, N. and Sch�tzenberger, M.P.},
title     = "{The algebraic theory of context-free languages}",
journal   = {Computer Programming and Formal Systems},
editor    = {Braffort, P. and Hirschberg, D.},
year      = 1963,
pages     = {118--161}
}

@book{chomsky68,
author    = {Chomsky, Noam and Halle, Morris},
title     = {The sound pattern of English},
year      = {1968},
publisher = {Harper and Row},
address   = {New York, NY}
}


@inproceedings{chu01,
author    = {Chu, M. and Peng, H. and Yang, H. and Chang, E.},
title     = "{Selecting non-uniform units from a very large corpus for concatenative speech synthesizer}",
booktitle = {Proc. ICASSP'01},
year      = {2001},
pages     = {785--788}
}

@inproceedings{church88,
author    = {Church, K.},
title     = "A stochastic parts program and noun phrase chunker for unrestricted text",
booktitle = {Proc. the 2nd Conference on Applied Natural Language Processing},
year      = {1988},
pages     = {136--143}
}

@article{church91a,
author    = {Church, K.W. and Gale, W.A.},
title     = "Probability Scoring for Spelling Correction",
journal   = {Statistics and Computing},
year      = 1991,
volume    = {1},
pages     = {93--103}
}

@article{church91b,
author    = {Church, K.W. and Gale, W.A.},
title     = "{Enhanced Good Turing and Cat-Cal: Two new methods for estimating probabilities of English bigrams}",
journal   = {Computer, Speech and Language},
year      = 1991,
volume    = {5},
pages     = {19--54}
}

@misc{clark04,
author    = {Clark, R. and Richmond, K. and King, S.},
title     = "Festival 2 -- Build your own general purpose unit selection speech synthesiser",
booktitle = "{Proc. 5th ISCA/COCSADA Workshop on Speech Synthesis}",
year      = "2004"
}

@misc{comon07,
author = {Comon, H. and Dauchet, M. and Gilleron, R. and L\"oding, C. and Jacquemard, F. and Lugiez, D. and Tison, S. and Tommasi, M.},
title  = {Tree Automata Techniques and Applications},
month  = {October},
year   = {2007},
note   = "{\tt{\url{http://www.grappa.univ-lille3.fr/tata}}}"
}

@article{content90,
author    = {Content, A. and Mousty, P. and Radeau, M.},
title     = {Brulex, une base de donn�e lexicales informatis�e pour le fran�ais �crit et parl�},
journal   = {L'ann�e Psychologique},
year      = {1990},
volume    = {90},
pages     = {551--566}
}

@book{cormen90,
author    = {Cormen, T.T. and Leiserson, C.E. and Rivest, R.L.},
title     = "{Introduction to algorithms}",
year      = {1990},
isbn      = {0-262-03141-8},
publisher = {MIT Press},
address   = {Cambridge, MA, USA}
}

@article{cortes95,
author  = {Cortes, C. and Vapnik, V.},
title   = "{Support-Vector Networks}",
journal = "Machine Learning",
volume  = "20",
number  = "3",
pages   = "273--297",
year    = "1995",
url     = "citeseer.ist.psu.edu/cortes95supportvector.html"
}

@inproceedings{cortes07,
author    = {Cortes, C. and Mohri, Mehryar and Weston, J.},
title     = {A General Regression Framework for Learning String-to-String Mappings},
booktitle = {Predicting Structured Data},
month     = {September},
year      = {2007},
publisher = {MIT Press}
}

@InProceedings{cucerzan04,
author    = {Cucerzan, S. and Brill, E.},
title     = "{Spelling correction as an iterative process that exploits the collective knowledge of web users}",
booktitle = {Proc. EMNLP 2004},
pages     = {293--300},
year      = {2004},
url       = {http://research.microsoft.com/users/silviu/Papers/emnlp04.pdf}
}

@phdthesis{daciuk98,
title   = {Incremental Construction of Finite-State Automata and Transducers and their Use in the Natural Language Processing},
author  = {Daciuk, J.},
school  = {Technical University of Gdansk},
year    = {1998}
}

@InProceedings{daciuk01,
author    = {Daciuk, J. and van Noord, G.},
title     = "{A Finite-State Library for NLP}",
booktitle = "{Proc. the 12th Meeting of Computational Linguistics in the Netherlands (CLIN 2001)}",
year      = {2001},
address   = {University of Twente, Enschede}
}

@InProceedings{donovan01,
author    = {Donovan, R.E.},
title     = "{A New Distance Measure for Costing Spectral Discontinuities in Concatenative Speech Synthesisers}",
booktitle = "{Proc. 4th ISCA Tutorial and Research Workshop on Speech Synthesis}",
pages     = {293--300},
year      = {2001},
address   = {Atholl Palace Hotel, Scotland}
}

@book{draper98,
author    = {Draper, N.R. and Smith, H.},
title     = "{Applied Regression Analysis}",
year      = {1998},
publisher = {Wiley}
}

@article{forgy65,
author = {Forgy, E.W.},
title = "{Cluster analysis of multivariate data: Efficiency vs. interpretability of classifications}",
journal = {Biometrics},
volume = {21},
year = {1965},
pages = {768--769}
}

@InProceedings{fairon05,
author    = {Fairon, C�drick and Paumier, S. and Watrin, P.},
title     = "{Can we parse without tagging?}",
booktitle = {Proc. the 2nd Language & Technology Conference},
pages     = {473--477},
year      = {2005},
address   = {Poznan}
}

@techreport{finch94,
author    = {Finch, S.},
title     = "Finite state automata library",
institution = {LTG, University of Edinburgh},
type         = {Documentation},
number       = {0.01},
year         = {1994},
url          = {http://nl.ijs.si/et/Thesis/ALE-RA/doc/libFsa.doc}
}


@InProceedings{fredkin60,
author    = {Fredkin, E.},
title     = "{Trie memory}",
booktitle = {Communications of the ACM},
pages     = {490--499},
year      = {1960},
address   = {Poznan}
}

@article{fredman87,
author = {Fredman, M.L. and Tarjan, R.E.},
title = "{Fibonacci heaps and their uses in improved network optimization algorithms}",
journal = {ACM},
volume = {34},
number = {3},
year = {1987},
issn = {0004-5411},
pages = {596--615},
publisher = {ACM Press},
address = {New York, NY, USA},
}

@MastersThesis{frishert05,
author     = {Frishert, M.},
year       = {2005},
title      = "{FIRE Works \& FIRE Station. A Finite Automata \& Regular Expression Playground}",
school     = "{Technische Universiteit Eindhoven}",
address    = {Department of Mathematics and Computer Science},
month      = {March},
url        = {www.fastar.org/publications/MScMichiel.pdf}
}

@article{furnas84,
author    = {Furnas, G.W. and Landauer, T.K. and Gomez, L.M. and Dumais, S.T.},
title     = "{Statistical semantics:  analysis of the potential performance of keyword information systems}",
book      = {Human factors in computer systems},
year      = {1984},
isbn      = {0-89391-146-1},
pages     = {187--242},
publisher = {Ablex Publishing Corp.},
address   = {Norwood, NJ, USA},
}



@article{granger83,
author    = {Granger, R.H.},
title     = "The {NOMAD} System: Expectation-Based Detection and Correction of Syntactically and Semantically Ill-Formed Text",
journal   = {American Journal of Computational Linguistics},
year      = 1983,
volume    = {9},
number    = {3-4},
pages     = {188--196}
}

@inproceedings{coker90,
author    = {Coker, C.H. and Church, K.W. and Liberman, M.Y.},
title     = "Morphology and rhyming: two powerful alternatives to letter-to-sound rules for speech synthesis",
booktitle = {Proc. the Conference on Speech Synthesis},
organization = {European Speech Communication Association},
year      = {1990}
}

@incollection{daelemans97,
author    = {Daelemans, Walter M. P. and van den Bosch, Antal P. J.},
title     = "Language-Independent Data-Oriented Grapheme-to-Phoneme Conversion",
booktitle = "Progress in Speech Synthesis",
editor    = {van Santen, J.P.H. and Sproat, RichardW. and Olive, J.P. and Hirschberg, J.},
pages     = "77--89",
address   = "New York",
publisher = "Springer",
year      = "1997",
url       = "citeseer.ist.psu.edu/daelemans97languageindependent.html"
}

@article{damerau64,
author    = {Damerau, Fred J.},
title     = "A technique for computer detection and correction of spelling errors",
journal   = {Communications of the ACM},
year      = 1964,
volume    = {7},
number    = {3},
pages     = {171--176},
publisher = "ACM New York, NY, USA"
}


@article{davidson62,
author    = {Davidson, L.},
title     = "Retrieval of misspelled names in an airline passenger record system",
journal   = {Communications of the ACM},
year      = 1962,
volume    = {5},
pages     = {169--171}
}

@article{deerwester90,
author  = {Deerwester, S.C. and Dumais, S.T. and Landauer, T.K. and Furnas, G.W. and Harshman, R.A.},
title   = "{Indexing by Latent Semantic Analysis}",
journal = "Journal of the American Society of Information Science",
volume  = "41",
number  = "6",
pages   = "391--407",
year    = "1990",
url     = "citeseer.ist.psu.edu/deerwester90indexing.html"
}

@inproceedings{deffner90,
author    = {Deffner, R. and Geiger, H. and Kahler, R. and Krempl, T. and Brauer, W.},
title     = "Recognizing words with connectionist architectures",
booktitle = {Proc. INNC},
year      = {1990},
address   = {Paris, France},
pages     = {196}
}

@incollection{dengel97,
author      = {Dengel, A. and Hoch, R. and H�nes, F. and J�ger, T. and Malburg, M. and Weigel, A.},
title       = {Techniques for improving OCR results},
booktitle   = {Handbook of Character Recognition and Document Image Analysis},
collection  = {World Scientific},
editor      = {Bunke, H. and Wang, P.S.P.},
pages       = {227--258},
YEAR        = 1997
}

@inproceedings{deroo96,
author    = {Deroo, O. and Leich, H. and Bo�te, J.M. and Dupont, S. and Ris, C. and Fontaine, V.},
title     = "{Hybrid HMM/ANN systems for Speaker Independant Continuous Speech Recognition In French}",
booktitle = {Proc. ProRisc 8th Annual WorkShop on Circuits, System and Signal Processing},
year      = 1996,
address   = {Mierlo, The Netherlands},
pages     = {137--141}
}

@inproceedings{deroo97,
author    = {Deroo, O. and Bo�te, J.M. and Ris, C. and Fontaine, V. and Zanoni, L.},
title     = "{Context Independent and Context Dependent Hybrid HMM/ANN Systems for Training Independent Tasks}",
booktitle = {Proc. Eurospeech'97},
year      = 1997,
address   = {Rhodes, Gr�ce},
pages     = {1947--1950}
}

@inproceedings{dupont97,
author    = {Dupont, S. and Bo�te, J.M. and Bourlard, H. and Deroo, O. and Fontaine, V.},
title     = "{Hybrid HMM/ANN Systems for Training Independent Tasks: Experiments on Phonebook and Related Improvements}",
booktitle = {Proc. ICASSP'97},
year      = 1997,
address   = {Munich},
pages     = {1767--1770}
}

@article{du92,
author    = {Du, M.W. and Chang, S.C.},
title     = "A model and a fast algorithm for multiple errors spelling correction",
journal   = {Acta Informatica},
year      = 1992,
volume    = 29,
pages     = {281--302}
}

@inproceedings{dumais88,
author    = {Dumais, S.T. and Furnas, G.W. and Landauer, T.K. and Deerwester, S.C. and Harshman, R.A.},
title     = "{Using Latent Semantic Analysis to Improve Access to Textual Information}",
booktitle = "{Proc. CHI'88: the Conference on Human Factors in Computing Systems}",
year      = "1988",
url       = "citeseer.ist.psu.edu/dumais88using.html"
}

@inproceedings{dupont03,
author    = {Dupont, S. and Ris},
title     = "{Robust Feature Extraction and Acoustic Modeling at Multitel: Experiments on the Aurora Database}",
booktitle = {Proc. Eurospeech'03},
year      = 2003,
month     = {September},
address   = {Geneva}
}

@inproceedings{dupont05,
author    = {Dupont, S. and Ris, C. and Couvreur, L. and Bo�te, J.M.},
title     = "{A study of implicit and explicit modeling of coarticulation and pronunciation variation}",
booktitle = {Proc. Interspeech'05},
year      = 2005
}

@phdthesis{dutoit93,
author  = {Dutoit, T.},
title   = "High quality text-to-speech synthesis of the {French} language",
school  = "TCTS Lab, Facult� Polytechnique de Mons",
year    = "1993",
month   = {October},
address = "31 bvd Dolez, B-7000 Mons, Belgium",
note    = "288 pages"
}

@inproceedings{dutoit98,
author    = {Dutoit, T. and Bagein, M. and Ruelle, A. and Gilman, A. and Malfr�re, M. and Mertens, P. and Pagel, V.},
title     = "{Euler: Multilingual Text-To-Speech Project}",
booktitle = {Proc. Workshop on Text, Speech and Dialog},
address   = "Brno",
month     = {September},
year      = 1998
}

@book{eilenberg74,
author    = {Eilenberg, S.},
title     = "{Automata, Languages, and Machines}",
year      = {1974},
isbn      = {0122340019},
publisher = {Academic Press Inc.},
address   = {Orlando, FL, USA}
}

@article{eckart36,
author    = {Eckart, C. and Young, G.},
title     = "{The approximation of one matrix by another of lower rank}",
journal   = {Psychometrika},
year      = {1936},
volume    = {1},
pages     = {211--218}
}

@techreport{elliott88,
author    = {Elliott, R.J.},
title     = "Annotating spelling list words with affixation classes",
institution = {Bell Labs},
month        = {December},
year         = {1988}
}

@inproceedings{fluhr73,
author    = {Andreewsky, A. and Fluhr, Chr.},
title     = {Experience de constitution d'un programme d'apprentissage pour le traitement automatique du langage},
booktitle = {Proc. the 5th conference on Computational linguistics},
isbn      = {88 222 2959 2},
pages     = {109--121},
location  = {Pisa, Italy},
doi       = {http://dx.doi.org/10.3115/992567.992582},
address   = {Morristown, NJ, USA},
year      = {1973}
}

@book{fluhr73b,
author    = {Andreewsky, A. and Fluhr, Chr.},
title     = "{Apprentissage, analyse automatique du langage, application � la documentation}",
publisher = {Dunod},
series    = {Documents de linguistique quantitative, 21},
year      = 1973
}

@book{fsmnlp05,
editor    = {Yli-Jyr\"a, A. and Karttunen, L. and Karhum\"aki, J.},
title     = "{International Workshop on Finite-State Methods and Natural Language Processing (FSMNLP 2005)}",
booktitle = "{Lecture Notes in Computer Science (LNAI 4002)}",
publisher = "Springer",
month     = "September",
address   = "University of Helsinki, Finland",
note      = "Revised Papers",
year      = {2005}
}

@article{goshtasby88,
author    = {Goshtasby, A. and Ehrich, R.W.},
title     = "Contextual word recognition using probabilistic relaxation labeling",
journal   = {Pattern Recognition},
year      = 1988,
volume    = 21,
number    = 5,
pages     = {455--462}
}

@article{gray84,
author    = {Gray, R.M.},
title     = "{Vector Quantization}",
journal   = {IEEE ASSP Magazine},
year      = 1984,
month     = {April},
pages     = {4--29}
}

@article{gross84,
author  = {Gross, M.},
title   = "{Lexicon-grammar and the syntactic analysis of French}",
journal = "Coling'84",
pages   = "275--282",
year    = "1984"
}

@article{gross89,
author    = {Gross, M. and Perrin, D.},
title     = "{Electronic Dictionnaries and Automata in Computational Linguistics}",
journal   = "Lecture Notes in Computer Science",
volume    = "377",
publisher = "Springer Verlag",
year      = "1989"
}

@book{gunter94,
author    = {Gunter, C.A. and Mitchell, J.C.},
title     = "{Theoretical Aspects of Object-Oriented Programming: Types, Semantics, and Language Design}",
year      = {1994},
publisher = "{MIT Press}"
}


@book{gusfield2007,
    author = {Gusfield, Dan},
    day = {15},
    month = jan,
    publisher = {Cambridge Univ. Press},
    title = {{Algorithms on strings, trees, and sequences : computer science and computational biology}},
    year = {2007}
}

@techreport{hanneforth06,
author    = {Hanneforth, T.},
title     = "Finite-State Machines - Theory and Applications",
institution = {Universit�t Potsdam},
number       = {29/11/2006},
year         = {2006},
url          = {http://www.ling.uni-potsdam.de/~tom/fsm/FSM.pdf}
}

@article{hanson76,
author    = {Hanson, A.R. and Riseman, E.M. and Fisher, E.},
title     = "Context in word recognition",
journal   = {Pattern Recognition},
year      = 1976,
volume    = {8},
pages     = {35--45}
}

@inproceedings{harmon72,
author    = {Harmon, L.D.},
title     = "Automatic recognition of print and script",
booktitle = {IEEE 60},
year      = {1972},
pages     = {1165--1176}
}

@book{harris62,
author    = {Harris, Z.S.},
title     = "{String analysis of sentence structure}",
publisher = {Mouton & co},
address   = {The Hague},
year      = {1962}
}

@inproceedings{harris78,
author    = {Harris, F.},
title     = "{On the use of Windows for Harmonic Analysis with the Discrete Fourier Transform}",
booktitle = {Proc. the IEEE},
year      = {1978},
volume    = {66},
number    = {1},
pages     = {51--83}
}

@book{harris00,
author    = {Harris, R.},
title     = "{Rethinking Writing}",
publisher = {Athlone},
address   = {London},
year      = {2000}
}

@inproceedings{hazen02,
author    = {Hazen, T.J. and Lee Hetherington, I. and Shu, H. and Livescu, K.},
title     = "{Pronunciation modeling using a finite-state transducer representation}",
booktitle = {Proc. PMLA'02},
year      = {2002}
}

@article{hirst05,
author  = {Hirst, G. and Budanitsky, A.},
title   = "{Correcting Real-Word Spelling Errors by Restoring Lexical Cohesion}",
journal = "{Computational Linguistics}",
volume  = "11",
number  = "1",
pages   = {87--111},
year    = "2005"
}

@inproceedings{ho91,
author    = {Ho, T.K. and Hull, J.J. and Srihari, S.N.},
title     = "Word recognition with multi-level contextual knowledge",
booktitle = {IDCAR-91},
year      = {1991},
pages     = {905--915}
}

@book{holub07,
editor    = {Holub, J. and Zd�rek, J.},
title     = "{Implementation and Application of Automata, 12th International Conference (CIAA 2007)}",
booktitle = "{Lecture Notes in Computer Science 4783}",
publisher = "Springer",
month     = "July 16-18",
year      = {2007},
address   = "Prague, Czech Republic",
note      = "Revised Selected Papers",
}

@book{hopcroft79,
editor       = {Hopcroft,J.E. and Motwani, R. and Ullman,J.D.},
title        = "{Introduction to Automata Theory, Languages, and Computation}",
publisher    = {Addison-Wesley},
address      = {Massachusetts},
year         = {1979}
}

@inproceedings{hull87,
author    = {Hull, J.J.},
title     = "Hypothesis testing in a computational theory of visual word recognition",
booktitle = {AAAI-87, 6th national conference on Artificial Intelligence},
year      = {1987},
pages     = {718--722}
}

@inproceedings{hunt96,
author    = {Hunt, A. and Black, A.W.},
title     = "Unit selection in a concatenative speech synthesis system using a large speech database",
booktitle = {Proc. ICASSP'96},
year      = {1996},
volume    = 1,
address   = "Atlanta, Georgia",
pages     = {373--376}
}

@inproceedings{jelinek80,
author    = {Jelinek, F. and Mercer, R.L.},
title     = "{Interpolated estimation of Markov source parameters from sparse data}",
booktitle = "{Proc. Pattern Recognition in Practice}",
year      = {1980},
pages     = {381--397}
}

@inproceedings{joachims98,
author    = {Joachims, T.},
title     = "{Making large-scale support vector machine learning practical}",
booktitle = "{Advances in Kernel Methods: Support Vector Machines}",
publisher = "{MIT Press, Cambridge, MA}",
year      = {1998},
url       = "citeseer.ist.psu.edu/joachims98making.html"
}

@book{johnson72,
author       = {Johnson, C. Douglas},
title        = "Formal aspects of phonological description",
publisher    = {Mouton},
address      = {The Hague},
year         = {1972}
}

@inproceedings{jones97,
author    = {Jones, M.P. and Martin, J.H.},
title     = "{Contextual spelling correction using latent semantic analysis}",
booktitle = {Proc. the fifth conference on Applied natural language processing},
year      = {1997},
pages     = {166--173},
location  = {Washington, DC},
doi       = {http://dx.doi.org/10.3115/974557.974582},
publisher = {Morgan Kaufmann Publishers Inc.},
address   = {San Francisco, CA, USA}
}

@inproceedings{jones91,
author    = {Jones, M.A. and Story, G.A. and Ballard, B.W.},
title     = "Integrating multiple knowledge sources in a Bayesian {OCR} post-processor",
booktitle = {IDCAR-91},
year      = {1991},
pages     = {925--933}
}

@article{kahan87,
author    = {Kahan, S. and Pavlidis, T. and Baird, H.S.},
title     = "On the recoginition of printed characters of any font and size",
journal   = {IEEE Trans. Pattern Analysis and Machine Intelligence},
year      = 1987,
volume    = {9},
number    = {3},
pages     = {274--288}
}

@inproceedings{kanthak04,
author    = {Kanthak, S. and Ney, H.},
title     = "{FSA: An Efficient and Flexible C++ Toolkit for Finite State Automata Using On-Demand Computation}",
booktitle = {Proc. ACL'04},
month     = {July},
year      = {2004},
address   = {Barcelona, Spain},
pages     = {510--517}
}

@article{kaplan94,
author  = {Kaplan, R. and Kay, M.},
title   = "{Regular models of phonological rule systems}",
journal = "{Computational Linguistics}",
volume  = "20",
number  = "3",
pages   = {331--378},
year    = "1994"
}

@book{karlsson95,
editor    = {Karlsson, F. and Voutilainen, A. and Heikkila, J. and Anttila, A.},
title     = {Constraint Grammar: A  Language-Independent System for Parsing Unrestricted Text},
year      = {1995},
publisher = {Mouton de Gruyter}
}

@inproceedings{karttunen92,
author = {Karttunen, L. and Kaplan, R. and Zaenen, A.},
title  = "Two-level morphology with composition",
booktitle = {Proc. COLING'92},
pages     = {141--148},
year   = "1992",
address   = {Nantes, France}
}

@inproceedings{karttunen94,
author    = {Karttunen, L.},
title     = "{Constructing lexical transducers}",
booktitle = {Proc. COLING'94},
year      = {1994},
address   = {Kyoto, Japan}
}

@inproceedings{karttunen95,
author    = {Karttunen, L.},
title     = "The replace operator",
booktitle = {Proc. ACL'95},
year      = {1995},
pages     = {16--23}
}

@article{karttunen96,
author    = {Karttunen, L. and Chanod, J. and Grefenstette, G. and Schiller, A.},
title     = "{Regular expressions for language engineering}",
journal   = {Natural Language Engineering},
volume    = 2,
number    = 4,
pages     = {305--238},
year      = "1996"
}

@inproceedings{karttunen96b,
author    = {Karttunen, L.},
title     = "Directed replacement",
booktitle = {Proc. ACL'96},
year      = {1996},
pages     = {108--115}
}

@inproceedings{karttunen97,
author       = {Karttunen, L.},
title        = "{The replace operator}",
booktitle    = "{Finite-State Language Processing, chapter 4}",
editor       = {Roche, Emmanuel and Schabes, Yves},
publisher    = {MIT Press},
pages        = {117--147},
year         = {1997}
}

@article{karttunen01,
author    = {Karttunen, L.},
title     = "Applications of Finite-State Transducers in Natural Language Processing",
journal   = "Lecture Notes in Computer Science",
volume    = "2088",
pages     = "34--46",
year      = "2001"
}

@book{karttunen03,
author     = {Beesley, K.R. and Karttunen, L.},
title      = {Finite-State Morphology},
publisher  = {Center for the Study of Language and Information},
year       = {2003},
note       = {503 pages}
}


@inproceedings{kempe00,
author    = {Kempe, A.},
title     = "{Part-of-Speech} tagging with two sequential transducers",
booktitle = {Proc. CLIN 2000},
year      = {2000},
pages     = {88--96}
}

@techreport{kernighan91,
author    = {Kernighan, M.D.},
title     = "Specialized Spelling Correction for a {TDD} system",
institution = {AT\&T Bell Labs},
month        = {August},
year         = {1991}
}

@inproceedings{kneser95,
author    = {Kneser, R. and Ney, H.},
title     = "{Improved backing-off for $m$-gram language modeling}",
booktitle = "{Proc. ICASSP'95}",
year      = {1995},
pages     = {181--184},
volume    = {1}
}

@inproceedings{klabbers98,
author    = {Klabbers, E. and Veldhuis, R.},
title     = "{On the Reduction of Concatenation Artefacts in Diphone Synthesis}",
booktitle = {Proc. ICSLP'98},
year      = {1998},
address   = {Sydney}
}

@article{klatt80,
author    = {Klatt, D.H.},
title     = "Software for a cascade/parallel formant synthesizer",
journal   = {The Journal of the Acoustical Society of America},
volume    = 67,
number    = 3,
year      = 1980,
month     = {March},
pages     = {971--995}
}

@inproceedings{kleene56,
author       = {Kleene, S.C.},
title        = "{Representation of events in nerve nets and finite automata}",
booktitle    = "{Automata Studies}",
year         = {1956}
}

@InProceedings{kobus08, 
   Author = {Kobus, Catherine and Yvon, Fran�ois and Damnati, G�raldine},
   Title = {Transcrire les {SMS} comme on reconna�t la parole},
   BookTitle = {Actes de la Conf�rence sur le Traitement Automatique des Langues (TALN'08)},
   Pages = {128--138},
   Address = {Avignon, France},
   Year = {2008}
}

@InProceedings{kobus08b, 
   Author = {Kobus, Catherine and Yvon, Fran�ois and Damnati, G�raldine},
   Title = {Normalizing {SMS}: are two metaphors better than one?},
   BookTitle = {Proc. COLING 2008},
   Pages = {441--448},
   Address = {Manchester, UK},
   Year = {2008}
}

@TechReport{yvon08, 
   Author = {Yvon, Fran�ois},
   Title = {Reorthography of {SMS} messages},
   Number = {2008},
   Institution = {LIMSI/CNRS},
   Address = {Orsay, France},
   Year = {2008}
}

@InProceedings{guimier07, 
   Author = {Guimier de Neef, Emilie and Debeurme, Arnaud and Park, Jungyeul},
   Title = {{TILT correcteur de SMS: �valuation et bilan quantitatif}},
   BookTitle = {Actes de TALN 2007},
   Pages = {123--132},
   Address = {Toulouse, France},
   Year = {2007}
}

@InProceedings{guimier07b, 
   Author = {Guimier de Neef, Emilie and Fessard, S�bastien},
   Title = {{Evaluation d'un syst�me de transcription de SMS}},
   BookTitle = {Actes de Lexique et Grammaire 2007},
   Pages = {217--224},
   Year = {2007}
}

@inproceedings{kohavi95,
author       = {Kohavi, Ron},
title        = "{A study of cross-validation and bootstrap for accuracy estimation and model selection}",
booktitle    = "{Proc. IJCAI'95}",
year         = {1995},
pages        = {1137--1143}
}

@inproceedings{kominek04,
author      = {Kominek, J. and Black, A.W.},
title       = "{The CMU Arctic speech databases}",
booktitle   = {Proc. 5th ISCA Speech Synthesis Workshop},
year        = {2004},
pages       = {223--224},
address     = {Pittsburgh, PA., USA}
}

@techreport{koskenniemi83,
author      = {Koskenniemi, K.},
title       = "{Two-level Morphology: A General Computational Model for Word-Form Recognition and Production}",
institution = {Department of General Linguistics, University of Helsinki},
year        = {1983}
}

@inproceedings{koskenniemi90,
author      = {Koskenniemi, K.},
title       = {Finite-state parsing and disambiguation},
booktitle   = {Proc. the 13th conference on Computational linguistics},
year        = {1990},
pages       = {229--232},
location    = {Helsinki, Finland},
address     = {Morristown, NJ, USA}
}

@book{kuich86,
author     = {Kuich, W. and Salomaa, A.},
title      = {Semirings, Automata, Languages},
publisher  = {Springer-Verlag},
volume     = {5},
year       = {1986},
series     = {EATCS Monographs on Theoretical Computer Science},
Address    = {Berlin, Germany}
}

@inproceedings{kukich88,
author    = {Kukich, K.},
title     = "Variations on a backpropagation name recognition net",
booktitle = {Proc. the Advanced Technology Conference},
address   = {Washington D.C.},
year      = {1988},
volume    = 2,
pages     = {722--735}
}

@inproceedings{kukich90,
author    = {Kukich, K.},
title     = "A comparison of some novel and traditional lexical distance metrics for spelling correction",
booktitle = {INNC-90},
year      = {1990},
pages     = {309--313}
}

@inproceedings{kukich92,
author    = {Kukich, K.},
title     = "Techniques for Automatically Correcting Words in Text",
booktitle = {ACM Computing Surveys},
volume    = {24(4)},
year      = {1992},
pages     = {377--439}
}

@article{kukich92b,
author    = {Kukich, K.},
title     = "Spelling correction for the telecommunications network for the deaf",
journal   = {Communications of the ACM},
year      = 1992,
volume    = {35},
number    = {5},
pages     = {80--90}
}

@article{kullback51,
author    = {Kullback, S. and Leibler, R.A.},
title     = "{On information and sufficiency}",
journal   = {Annals of Mathematical Statistics},
year      = 1951,
volume    = {22},
pages     = {79--86}
}

@article{kupiec92,
author    = {Kupiec, J.},
title     = "Robust {Part-of-Speech} tagging using a {Hidden Markov Model}",
journal   = {Computer Speech and Language},
year      = 1992,
volume    = {6},
pages     = {225--242}
}

@book{knuth73,
editor       = {Knuth, D.E.},
title        = "The art of programming",
volume       = {3: Sorting and searching},
publisher    = {Addison-Wesley},
address      = {Mass},
year         = {1973}
}

@inproceedings{lamel91,
author    = {Lamel, L.F. and Gauvain, J.L. and Esk\'enazi, M.},
title     = "{BREF, a large vocabulary spoken corpus for French}",
booktitle = {Proc. Eurospeech'91},
year      = {1991},
pages     = {505--508}
}

@misc{lazarov06,
author       = {Lazarov, M.},
title        = "{Finite-State Methods for Spelling Correction}",
howpublished = {BA thesis, Seminar f�r Sprachwissenschaft, Dept. of Linguistics, University of T�bingen},
year         = 2006
}

@techreport{lee90,
author      = {Lee, Y.H. and Evens, M. and Michael, J.A. and Rovick, A.A.},
title       = "Spelling correction for an intelligent tutoring system",
institution  = {Department of Computer Science, Illinois Institue of Technology},
address      = {Chicago},
year         = {1990}
}

@article{levenshtein66,
author    = {Levenshtein, Vladimir},
title     = "Binary codes capable of correcting deletions, insertions and reversals",
journal   = {Soviet Physics -- Doklady},
year      = 1966,
volume    = {10},
pages     = {707--710},
publisher = "MAIK Nauka/Interperiodika"
}

@article{liberman59,
author    = {Liberman, A.M. and Ingemann, F. and Lisker, L. and Delattre, P.C. and Cooper, F.S.},
title     = "Minimal rules for synthesizing speech",
journal   = {Journal of the Acoustical Society of America},
year      = 1959,
volume    = {31},
pages     = {1490--1499}
}

@incollection{liberman91,
author     = {Liberman, M. and Church, K.},
title      = "{Text Analysis and Word Pronunciation in Text-to-Speech Synthesis}",
booktitle  = {Advances in Speech Signal Processing},
publisher  = {Dekker},
editor     = {Furui, S. and Sondhi, M.},
pages      = {791--831},
YEAR       = 1991
}


@article{lidstone20,
author    = {Lidstone, G.J},
title     = "{Note on the general case of the Bayes-Laplace formula for inductive or a posteriori probabilities}",
journal   = {Transactions of the Faculty of Actuaries},
year      = 1920,
volume    = {8},
pages     = {182--192}
}

@article{linde80,
author    = {Linde, Y. and Buzo, A. and Gray, R.M.},
title     = "{An Algorithm for Vector Quantizer Design}",
journal   = {IEEE Transactions on Communications},
year      = 1980,
month     = {January},
pages     = {702--710}
}

@article{littlestone88,
author    = {littlestone, N.},
title     = "{Learning Quickly When Irrelevant Attributes Abound: A New Linear-Threshold Algorithm}",
journal   = {Mach. Learn.},
volume    = {2},
number    = {4},
year      = {1988},
issn      = {0885-6125},
pages     = {285--318},
publisher = {Kluwer Academic Publishers},
address   = {Hingham, MA, USA},
doi       = {http://dx.doi.org/10.1023/A:1022869011914}
}

@article{littlestone94,
author    = {Littlestone, N. and Warmuth, M.K.},
title     = "{The weighted majority algorithm}",
journal   = {Information and Computation},
volume    = {108},
number    = {2},
year      = {1994},
issn      = {0890-5401},
pages     = {212--261},
doi       = {http://dx.doi.org/10.1006/inco.1994.1009},
publisher = {Academic Press Inc.},
address   = {Duluth, MN, USA},
}

@book{liu00,
author    = {Liu, J.W.S.},
title     = "{Real-time Systems}",
publisher = "Prentice Hall",
year      = "2000"
}

@manual{lucas03,
author = {Lucas, S.M. and Panaretos, A. and Sosa, L. and Tang, A. and Wong, S. and Young, R.},
title  = "Robust Reading Competition",
year   = "2003",
publisher = {IEEE Computer Society},
address = {Washington, DC, USA}
}

@book{machiavel,
author    = {Mansfield, H.C.},
title     = "{Machiavel. L'art de la guerre}",
publisher = "Flammarion",
year      = "1993"
}


@inproceedings{magerman90,
author    = {Magerman, D.M. and Marcus, M.P.},
title     = "Parsing a Natural Language Using Mutual Information Statistics",
booktitle = "National Conference on Artificial Intelligence",
year      = "1990",
pages     = "984--989"
}

@inproceedings{malfrere98,
author    = {Malfr�re, F.  and Dutoit, T. and Mertens, P.},
title     = "{Un g�n�rateur de prosodie \og{} tout automatique \fg{}}",
booktitle = "JEP 98",
year      = "1990",
pages     = "147--150"
}

@inproceedings{mangu97,
author    = {Mangu, L. and Brill, E.},
title     = "{Automatic rule acquisition for spelling correction}",
booktitle = "Proc. 14th International Conference on Machine Learning",
publisher = {Morgan Kaufmann Publishers Inc.},
pages     = "187--194",
year      = "1997",
url       = "citeseer.ist.psu.edu/mangu97automatic.html"
}

@inproceedings{malfrere98b,
author    = {Malfr�re, F.  and Dutoit, T. and Mertens, P.},
title     = "{Fully Automatic Prosody Generator for Text-to-Speech Synthesis}",
booktitle = "Proc. ICSLP'98",
year      = "1998",
pages     = {1395--1398},
Address   = "Sidney, Australia"
}

@article{marchand00,
author    = {Marchand, Y. and Damper, R.I.},
title     = {A multistrategy approach to improving pronunciation by analogy},
journal   = {Computational Linguistics},
volume    = {26},
number    = {2},
year      = {2000},
pages     = {195--219},
publisher = {MIT Press},
address   = {Cambridge, MA, USA}
}

@article{marchand07,
author    = {Marchand, Y. and Damper, R.I.},
title     = {Can syllabification improve pronunciation by analogy?},
journal   = {Natural Language Engineering},
year      = {2007},
volume    = {13},
number    = {1},
pages     = {1--24}
}

@article{marcus93,
author    = {Marcus, M.P. and Santorini, B. and Marcinkiewicz, M.A.},
title     = "{Building a large annotated corpus of English: The Penn Treebank}",
journal   = {Computational Linguistics},
volume    = {19},
number    = {2},
year      = {1993},
pages     = {313--330}
}

@inproceedings{mariniak93,
author    = {Mariniak, A.},
title     = "{A Global Framework for the Assessment of Synthetic Speech Without Subjects}",
booktitle = "{Proc. Eurospeech'93}",
year      = {1993},
pages     = {1683--1686}
}

@book{markerl80,
author    = {Markel, J.D. and Gray, A.H.},
title     = {Linear Prediction of speech},
year      = {1980},
publisher = {Springer Verlag},
address   = {New York}
}

@article{martins04,
author    = {Martins, B. and Silva, M. J. and Vicedo, J. L. and Martinez-Barco, P. and Munoz, R. and Saiz Noeda, M.},
title     = "Spelling correction for search engine queries",
journal   = "Lecture Notes in Computer Science",
volume    = "3230",
pages     = "372--383",
year      = "2004"
}

@inproceedings{may06,
author    = {May and, J. Knight, K.},
title     = "{Tiburon: A Weighted Tree Automata Toolkit}",
booktitle = "{Proc. the 11th International Conference on Implementation and Application of Automata (CIAA 2006)}",
year      = {2006},
pages     = {102--113}
}

@article{mays91,
author    = {Mays, E. and Damerau, E.J. and Mercer, R.L.},
title     = "Context-based spelling correction",
journal   = {Information Processing and Management},
year      = 1991,
volume    = {27},
number    = {5},
pages     = {517--522}
}

@article{mccoy91,
author    = {McCoy, K.},
title     = "Generating context-sensitive responses to object-related misconceptions",
journal   = {Artificial Intelligence},
year      = 1991,
volume    = {41},
pages     = {157--195}
}

@article{mcnaughton60,
author    = {McNaughton, R. and Yamada, H.},
title     = "Regular expressions and state graphs for automata",
journal   = {IRE Transactions on Electronic Computers EC},
year      = {1960},
month     = {March},
volume    = {9},
number    = {1},
pages     = {39--47}
}

@inproceedings{mcqueen67,
author    = {McQueen, J.},
title     = "{Some methods for classification and analysis of multivariate observations}",
booktitle = {Proc. the Fifth Berkeley Symposium on Mathematical Statistics and Probability},
year      = {1967},
volume    = {1},
pages     = {281--297}
}

@article{mealy55,
author    = {Mealy, G.H.},
title     = "{A method for synthesizing sequential circuits}",
journal   = {Bell System Technical Journal},
year      = {1955},
volume    = {34},
number    = {5},
pages     = {1045--1079}
}

@inproceedings{means88,
author    = {Means, L.G.},
title     = "Cn yur cmputr raed ths?",
booktitle = {Proc. the 2nd Applied Natural Language Processing conference},
year      = {1988},
pages     = {93--100}
}

@article{mitton87,
author    = {Mitton, R.},
title     = "Spelling checkers, spelling correctors and the misspellings of poor spellers",
journal   = {Information Processing and Managment},
year      = 1987,
volume    = {23(5)},
pages     = {495--505}
}

@misc{mertens01,
author       = {Mertens, P.},
title        = "{Vertex, a chart parser for unification grammars}",
year         = {2001},
address      = "{\tt{\url{http://bach.arts.kuleuven.ac.be/~piet/vertex}}}"
}

@article{mihov04,
author      = {Mihov, S. and Schulz, K.},
title       = "{Fast Approximate Search in Large Dictionaries}",
journal     = "{Computational Linguistics}",
volume      = {30},
number      = {4},
year        = {2004},
pages       = {451--477},
publisher   = {MIT Press},
address     = {Cambridge, MA, USA}
}

@inproceedings{minton85,
author    = {Minton, S. and Hayes, Ph.J. and Fain, J.},
title     = "Controlling search in flexible parsing",
booktitle = {Proc. the 9th IJCAI},
year      = {1985},
pages     = {785--787}
}

@techreport{mitten92,
author      = {Mitten, R.},
title       = "{Computer-usable version of Oxford Advanced Learner's Dictionary of Current English}",
institution = {Oxford Text Archive},
year        = {1992}
}

@inproceedings{mobius96,
author    = {Mobius, B. and Schroeter, J. and van Santen, J. and Sproat, Richard and Olive, J.},
title     = "{Recent advances in multilingual text-to-speech synthesis}",
booktitle = {Fortschritte der Akustik -- DAGA'96},
publisher = {DPG, Bad Honnef},
year      = {1996}
}

@inproceedings{mohri94,
author    = {Mohri, Mehryar},
title     = "Compact Representations by Finite-State Transducers",
booktitle = "Proc. ACL'94",
pages     = "204--209",
year      = "1994"
}

@inproceedings{mohri94b,
author    = {Mohri, Mehryar},
title     = "{Syntactic Analysis by Local Grammars Automata: an Efficient Algorithm}",
booktitle = "Proc. COMPLEX'94",
year      = "1994"
}

@inproceedings{mohri96,
author    = {Mohri, Mehryar and Sproat, Richard},
title     = "An Efficient Compiler for Weighted Rewrite Rules",
booktitle = "Proc. ACL'96",
pages     = "231--238",
year      = "1996"
}

@inproceedings{mohri96b,
author    = {Mohri, Mehryar and Pereira, Fernando and Riley, Michael},
title     = "Weighted Automata in Text and Speech Processing",
booktitle = "ECAI'96 Workshop",
pages     = "46--50",
year      = 1996
}

@article{mohri96c,
author  = {Mohri, Mehryar},
title   = "{On some applications of finite-state automata theory to natural language processing}",
journal = "{Journal of Natural Language Engineering}",
volume  = "2",
pages   = {1--20},
year    = "1996"
}

@inproceedings{mohri97,
author       = {Mohri, Mehryar},
title        = "{On the use of sequential transducers in Natural Language Processing}",
booktitle    = "{Finite-State Language Processing, chapter 12}",
editor       = {Roche, Emmanuel and Schabes, Yves},
publisher    = {MIT Press},
pages        = {355--382},
year         = {1997}
}
address      = {Cambridge, Massachusetts},

@article{mohri97a,
author  = {Mohri, Mehryar},
title   = "{String-Matching with Automata}",
journal = "{Nordic Journal of Computing}",
volume  = "4",
number  = "2",
pages   = {217--231},
year    = "1997"
}

@inproceedings{mohri97b,
author    = {Mohri, Mehryar and Riley, Michael},
title     = "{Weighted determinization and minimization for large vocabulary speech recognition}",
booktitle = {Proc. Eurospeech'97},
year      = {1997},
pages     = {131--134}
}

@article{mohri97c,
author  = {Mohri, Mehryar},
title   = "{Finite-state transducers in language and speech processing}",
journal = "{Computational Linguistics}",
volume  = "23",
number  = "2",
pages   = {269--311},
year    = "1997"
}

@inproceedings{mohri97d,
author    = {Mohri, Mehryar and Pereira, Fernando and Riley, Michael},
title     = "{A Rational Design for a Weighted Finite-State Transducer Library}",
booktitle = "Workshop on Implementing Automata",
pages     = "144--158",
year      = "1997"
}

@inproceedings{mohri98,
author      = {Mohri, Mehryar and Pereira, Fernando},
title       = "{Dynamic compilation of weighted context-free grammars}",
booktitle   = "{Proc. ACL'98}",
year        = {1998},
pages       = {891--897},
location    = {Montreal, Quebec, Canada},
address     = {Morristown, NJ, USA}
}

@article{mohri99,
author    = {Mohri, Mehryar and Riley, Michael},
title     = "{Network optimizations for large-vocabulary speech recognition}",
journal   = "{Speech Communication}",
volume    = {28},
year      = {1999},
pages     = {1--12}
}

@article{mohri00,
author    = {Mohri, Mehryar and Pereira, Fernando and Riley, Michael},
title     = "{The design principles of a weighted finite-state transducer library}",
journal   = "Theoretical Computer Science",
volume    = "231",
number    = "1",
pages     = "17--32",
year      = "2000"
}

@article{mohri00b,
author    = {Mohri, Mehryar},
title     = "{Minimization algorithms for sequential transducers}",
journal   = "Theoretical Computer Science",
volume    = "234",
pages     = "177--201",
year      = "2000"
}

@article{mohri01,
author    = {Mohri, Mehryar and Pereira, Fernando and Riley, Michael},
title     = "{Generic $\epsilon$-removal algorithm for weighted automata}",
journal   = "Lecture Notes in Computer Science",
volume    = "2088",
pages     = "230--242",
year      = "2001"
}

@InProceedings{mohri01b,
author    = {Mohri, Mehryar and Nederhof, M.-J.},
title     = "{Regular approximation of context-free grammars through transformation}",
booktitle = "{Robustness in Language and Speech Technology, chapter 9}",
year      = 2001,
pages     = {153--163},
editor    = {Junqua, J.-C. and van Noord, G.},
publisher = {Kluwer Academic Publishers}
}


@inproceedings{mohri01c,
author    = {Mohri, Mehryar},
title     = "{Weighted Grammar Tools: the GRM Library}",
booktitle = "{Robustness in Language and Speech Technology}",
editor    = {Junqua, J.-C. and van Noord, G.},
address   = {Kluwer Academic Publishers, The Netherlands},
pages     = {165--186},
year      = {2001}
}

@inproceedings{mohri02,
author    = {Mohri, Mehryar and Riley, Michael},
title     = "{An efficient algorithm for the \textit{n}-best-strings problem}",
booktitle = {Proc. ICSLP'02},
year      = {2002}
}

@article{mohri02b,
author    = {M. Mohri and F. Pereira and M. Riley},
title     = "Weighted Finite State Transducers in Speech Recognition",
journal   = "Computer Speech and Language",
volume    = "16",
number    = "1",
pages     = "69--88",
year      = "2002"
}

@article{mohri02c,
author    = {Mohri, Mehryar},
title     = "{Generic $\epsilon$-removal and input $\epsilon$-normalization algorithms for weighted transducers}",
journal   = {International Journal of Foundations of Computer Science},
volume    = {13},
number    = {1},
year      = {2002},
pages     = {129--143}
}

@article{mohri02d,
author    = {Mohri, Mehryar},
title     = "{Semiring frameworks and algorithms for shortest-distance problems}",
journal   = {Journal of Automata, Languages and Combinatorics},
volume    = {7},
number    = {3},
year      = {2002},
pages     = {321--350}
}

@article{mohri03,
author    = {Mohri, Mehryar},
title     = "{Edit-distance of weighted automata: general definitions and algorithms}",
journal   = {International Journal of Foundations of Computer Science},
volume    = {14},
number    = {6},
year      = {2003},
pages     = {957--982}
}

@article{mohri03b,
author    = {Mohri, Mehryar},
title     = "{Edit-distance of weighted automata}",
journal   = "Lecture Notes in Computer Science",
volume    = "2608",
pages     = "1--23",
year      = "2003"
}

@article{moore56,
author    = {Moore, E.F.},
title     = "{Gedanken-Experiments on sequential machines}",
journal   = "Automata Studies",
volume    = {34},
pages     = "129--153",
year      = "1956"
}

@inproceedings{morris75,
author    = {Morris, R. and Cherry, L.L.},
title     = "Computer Detection of Typographical Errors",
booktitle = {IEEE Transactions on Professional Communication},
volume    = {PC-18(1)},
year      = {1975},
pages     = {54--64}
}

@inproceedings{mokhtar97,
author    = {Ait-Mokhtar, S. and Chanod, J. },
title     = "{Incremental finite state parsing}",
booktitle = {ANLP'97},
year      = {1997}
}

@article{moulines90,
author  = {Moulines, E. and Charpentier, F.},
title   = "{Pitch-synchronous} waveform processing techniques for text-to-speech synthesis using diphones",
journal = "{Speech Communication}",
year    = "1990",
month   = "December",
volume  = "9",
pages   = "453--467"
}

@article{moulines95,
author  = {Moulines, E. and Laroche, J.},
title   = "{Non-parametric techniques for pitch-scale and time-scale modification of speech}",
journal = "{Speech Communication}",
year    = "1995",
volume  = "16",
pages   = "175--206"
}

@article{myers81,
author  = {Myers, C.S. and Rabiner, L.R.},
title   = "{A comparative study of several Dynamic Time-Warping algorithms for connected word recognition}",
journal = "{The Bell System Technical Journal}",
year    = "1981",
month   = "September",
volume  = "60",
number  = "7",
pages   = "1389--1409"
}

@book{naughton96,
author    = {Naughton, P.},
title     = "{The Java Handbook}",
month     = {March},
year      = {1996},
publisher = "{Mcgraw-Hill Osborne Media}",
pages     = {424},
ISBN      = {978-0078821998}
}


@inproceedings{nerode58,
author    = {N�rode, A.},
title     = "{Linear Automaton Transformations}",
booktitle = "{Proc. the American Mathematical Society}",
volume    = {9},
year      = {1958},
pages     = {541--544}
}

@article{ney94,
author  = {Ney, H. and Essen, U. and Kneser, R.},
title   = "{On structuring probabilistic dependences in stochastic language modelling}",
journal = "{Computer, Speech and Language}",
year    = "1994",
volume  = "8",
pages   = "1--38"
}

@inproceedings{oflazerl94,
author    = {Oflazer, K. and G{\u}zey, C.},
title     = "{Spelling Correction in Agglutinative Languages}",
booktitle = "Proc. the Fourth {ACL} Conference on Applied Natural Language Processing",
year      = "1994",
pages     = "194--195",
url       = "citeseer.ist.psu.edu/article/oflazer94spelling.html"
}

@article{oflazer96,
author  = {Oflazer, K.},
title   = "Error-tolerant Finite-state Recognition with Applications to Morphological Analysis and Spelling Correction",
journal = "Computational Linguistics",
year    = "1996",
volume  = "22",
number  = "1",
pages   = "73--89"
}

@inproceedings{pagel98,
author    = {Pagel, V. and Lenzo, K. and Black, A.W.},
title     = "{Letter-to-sound rules for accented lexicon compression}",
booktitle = {Proc. ICSLP'98},
year      = {1998},
pages     = {252--255}
}

@inproceedings{paulo04,
author    = {Paulo, S. and Oliveira, L.},
title     = "{Automatic phonetic alignment and its confidence measures}",
booktitle = {Proc. ESTAL04},
year      = {2004}
}

@inproceedings{pereira94,
author    = {Pereira, Fernando and Riley, Michael and Sproat, Richard},
title     = "{Weighted rational transductions and their application to human language processing}",
booktitle = {ARPA Workshop on Human Language Technology},
year      = {1994}
}

@inproceedings{pereira96,
author     = {Pereira, Fernando and Riley, Michael},
title      = "{Speech recognition by composition of weighted finite automata}",
booktitle  = "{Finite-State Language Processing, chapter 15}",
pages      = {431--453},
year       = {1997}
}

@inproceedings{pereira96b,
author     = {Pereira, Fernando and Riley, Michael and Sproat, Richard},
title      = "{Weighted rational transductions and their application to human language processing}",
booktitle  = "{Human Language Technology Workshop}",
pages      = {262--267},
year       = {1994}
}

@techreport{perrin02,
author      = {Perrin, D.},
title       = "Les d�buts de la th�orie des automates",
institution = { Laboratoire d'informatique, Universit� de Marne-la-vall�e},
year        = {2002},
month       = October
}

@article{peterson80,
author    = {Peterson, J.L.},
title     = "Computer programs for detecting and correcting spelling errors",
journal   = {Communications of the ACM},
year      = 1980,
volume    = {23(12)},
pages     = {676--684}
}

@article{peterson86,
author    = {Peterson, J.L.},
title     = "A note on undetected typing errors",
journal   = {Communications of the ACM},
year      = 1986,
volume    = {29(7)},
pages     = {633--637}
}

@book{pierret94,
author    = {Pierret, J.M.},
title     = {Phon�tique historique du fran�ais et notions de phon�tique g�n�rale},
year      = {1994},
publisher = {Peeters},
address   = {Louvain-la-Neuve, Nouvelle �dition},
series    = "{S�rie p�dagogique de l'Institut de linguistique de Louvain}",
}

@techreport{pitrat83,
author      = {Pitrat, J.},
title       = "R�alisation d'un analyseur lexicographique g�n�ral",
institution = {Institut de programmation, Paris VI},
year        = {1983}
}

@techreport{piskorski02,
Author      = {Piskorski, J.},
Title       = "{Finite-State Machine Toolkit}",
Institution = {DFKI},
Address     = {Saarbr�cken},
Number      = {RR-02-04},
Year        = {2002}
}

@article{pollock83,
author    = {Pollock, J.J. and Zamora, A.},
title     = "Collection and characterization of spelling errors in scientific and scholarly text",
journal   = {Journal of the American Society for Information Science},
year      = 1983,
volume    = {34},
number    = {1},
pages     = {51--58}
}

@article{pollock84,
author    = {Pollock, J.J. and Zamora, A.},
title     = "Automatic spelling correction in scientific and scholarly text",
journal   = {Communications of the ACM},
year      = 1984,
volume    = {27},
number    = {4},
pages     = {358--368}
}

@inproceedings{pols90,
author    = {Pols, L.},
title     = "{Does improved performance of a rule synthesizer also contribute to more phonetic knowledge?}",
booktitle = {Proc. the ESCA tutorial day on speech synthesis},
year      = {1990},
pages     = {50--54}
}

@phdthesis{prins05,
author  = {Prins, R.},
title   = {Finite-State Pre-Processing for Natural Language Analysis},
school  = {University of Groningen},
year    = {2005},
address = {The Netherlands}
}

@inproceedings{prudon01,
author    = {Prudon, R. and d'Alessandro, Chr.},
title     = "{A selection/concatenation tts synthesis system: databases developement, system design, comparative evaluation}",
booktitle = {ISCA/IEEE 4th Tutorial and Research Workshop on Speech Synthesis},
year      = {2001},
month     = {August},
pages     = {201--206},
address   = {Pitlochry, Schotland}
}

@phdthesis{prudon03,
author  = {Prudon, R.},
title   = "Synth�se de la parole multilocuteur par s�lection d'unit�s acoustiques",
school  = "LIMSI-Universit� Paris XI",
year    = "2003",
address = "Paris, France"
}

@incollection{quinlan79,
author       = {Quinlan, J.R.},
title        = "{Discovering rules by induction from large collections of examples}",
editor       = {Michie, D.},
booktitle    = "Expert systems in the microelectronic age",
publisher    = {Edinburg University Press},
year         = {1979}
}

@article{quinlan86,
author    = {Quinlan, J.R.},
title     = "{Induction of decision trees}",
journal   = {Machine learning},
year      = 1986,
volume    = {1},
pages     = {81--106}
}

@book{quinlan93,
author    = {Quinlan, J.R.},
title     = {C4.5: programs for machine learning},
year      = {1993},
publisher = {Morgan Kaufmann Publishers Inc.},
address   = {San Francisco, CA, USA}
}

@article{raymond95,
author    = {Raymond, D. and Wood, D.},
title     = {Grail: A C++ Library for Automata and Expressions},
journal   = {Journal of Symbolic Computation},
volume    = 17,
pages     = {341--350},
year      = 1995
}

@inproceedings{riseman74,
author    = {Riseman, E. and Hanson, A.},
title     = "A contextual postprocessing system for error correction using binary $n$-grams",
booktitle = {IEEE Transactions on Computers},
volume    = {23},
year      = {1974},
pages     = {480--493}
}

@article{ristad98,
author    = {Ristad, E.S. and Yianilos, P. N.},
title     = {Learning String Edit Distance},
journal   = {IEEE Transactions on Pattern Recognition and Machine Intelligence},
volume    = 20,
number    = 5,
pages     = {522--532},
month     = {May},
year      = 1998
}

@phdthesis{roche93,
author  = {Roche, Emmanuel},
title   = "Analyse Syntaxique Transformationnelle du Fran�ais par Transducleurs et Lexique-Grammaire",
school  = "Universit� Paris 7",
year    = "1993",
address = "Paris, France"
}

@book{roche97,
editor       = {Roche, Emmanuel and Schabes, Yves},
title        = "{Finite-state language processing}",
publisher    = {MIT Press},
address      = {Cambridge},
year         = {1997}
}
address      = {Cambridge, Massachusetts},

@inproceedings{roche97b,
author       = {Roche, Emmanuel and Schabes, Yves},
title        = "{Introduction}",
booktitle    = "{Finite-State Language Processing, chapter 1}",
editor       = {Roche, Emmanuel and Schabes, Yves},
publisher    = {MIT Press},
pages        = {1--66},
year         = {1997}
}
address      = {Cambridge, Massachusetts},

@incollection{rumelhart86,
author      = {Rumelhart, D.E. and Hinton, G.E. and Williams, R.J.},
title       = "Learning internal representations by error propagation",
editor      = {Rumelhart, D.E. and McClelland, J.L.},
booktitle    = "Parallel Distributed Processing: Explorations in the Microstructure of Cognition",
publisher    = {Bradford books/MIT Press},
year         = {1986}
}

@book{sabah88,
author    = {Sabah, G.},
title     = "{L'intelligence artificielle et le langage. I. Repr�sentation des connaissances}",
publisher = {Herm�s},
address   = {Paris},
year      = {1988}
}

@inproceedings{sagisaka88,
author       = {Sagisaka, Y.},
title        = "{Speech synthesis by rule using an optimal selection of non-uniform synthesis units}",
booktitle    = "{Proc. ICASSP'88}",
volume       = "1",
pages        = {679--682},
year         = {1988},
month        = "April"
}

@inproceedings{sagisaka92,
author       = {Sagisaka, Y.},
title        = "{The ATR $\nu$-Talk Speech Synthesis System}",
booktitle    = "{Proc. ICSLP'92}",
volume       = "1",
pages        = {483--486},
year         = {1992}
}

@incollection{santen96,
author     = {Campbell, N. and Black, A.W.},
title      = {Prosody and the Selection of Source Units for Concatenative Synthesis},
booktitle  = {Progress in Speech Synthesis},
publisher  = {Springer Verlag},
editor     = {van Santen, J. and Sproat, Richard and Olive, J. and Hirschberg, J.},
pages      = {279-282},
YEAR       = 1996
}

@inproceedings{santen97,
author    = {van Santen, J.P.H. and Buchsbaum, A.L.},
title     = "{Methods for Optimal Text Selection}",
booktitle = "Proc. Eurospeech'97",
address   = "Rhodes, Greece",
pages     = "553--556",
year      = "1997"
}

@inproceedings{saraiva02,
author    = {Saraiva, S.},
title     = "{HaLeX: A Haskell Library to Model, Manipulate and Animate Regular Languages}",
booktitle = "{Proc. the ACM Workshop on Functional and Declarative Programming in Education (FDPE/PLI'02)}",
address   = "Pittsburgh, USA",
month     = "October",
year      = "2002"
}

@article{sejnowski87,
author  = {Sejnowski, T.J. and Rosenberg, Ch.R.},
title   = {Parallel Networks that Learn to Pronounce English Text},
journal = {Journal of Complex Systems},
year    = 1987,
month   = February,
volume  = 1,
number  = 1,
pages   = {145--168}
}

@article{schank80,
author  = {Schank, R.C. and Lebowitz, M. and Birnbaum, L.},
title   = "An Integrated Understander",
journal = "American Journal of Computational Linguistics",
year    = "1980",
volume  = "6",
number  = "1",
pages   = "13--30"
}

@article{schutzenberger61,
author    = {Sch�tzenberger, M.P.},
title     = "{On the definition of a family of automata}",
journal   = "{Information and Control}",
volume    = "4",
pages     = "245--270",
year      = "1961"
}

@article{schutzenberger77,
author    = {Sch�tzenberger, M.P.},
title     = "{Sur une variante des fonctions s�quentielles}",
journal   = "Theoretical Computer Science",
volume    = "4",
number    = "1",
pages     = "47--57",
year      = "1977"
}

@inproceedings{schroder03,
author    = {Schr�der, M.},
title     = "{Emotional speech synthesis for emotionally-rich virtual worlds}",
booktitle = {Proc. Workshop on emotionally rich virtual worlds with emotion synthesis at the 8th International Conference on 3D Web Technology},
year      = {2003}
}

@manual{schmid05,
author  = {Schmid, H.},
title   = "SFST Manual",
address = "{Institute for Natural Language Processing, University of Stuttgart}",
year    = {2005},
url     = "ftp://ftp.ims.uni-stuttgart.de/pub/corpora/SFST/SFST-Manual.pdf"
}

@article{shannon48,
author      = {Shannon, Claude E.},
title       = {A Mathematical Theory of Communication},
journal     = {The Bell System Technical Journal},
pages       = {379--423},
url         = {http://cm.bell-labs.com/cm/ms/what/shannonday/shannon1948.pdf},
volume      = {27},
year        = {1948}
}

@book{silberztein93,
author    = {Silberztein, M.},
title     = "Dictionnaires �lectroniques et analyse automatique de textes. {Le} syst�me {INTEX}",
publisher = {Masson},
address   = {Paris},
booktitle = "Informatique linguistique",
year      = 1993
}

@manual{silberztein412,
author = {Silberztein, M.},
title  = "INTEX",
year   = "v.412",
url       = "http://msh.univ-fcomte.fr/intex/downloads/Manuel.pdf"
}

@techreport{sitar61,
author      = {Sitar, E.J.},
title       = "Machine recognition of cursive script. {The} use of context for error detection and correction",
institution = {Bell Labs},
year        = {1961}
}

@misc{sjolander01,
author = {Sj�lander, K.},
title  = "Automatic Alignment of Phonetic Segments",
institution = {Lund University},
volume = {49},
year   = 2001,
pages  = {140--143}
}

@inproceedings{sproat96,
author    = {Sproat, Richard and Riley, Michael},
title     = "Compilation of weighted finite-state transducers from decision trees",
booktitle = "{Proc. ACL'96}",
publisher = {Morgan Kaufmann Publishers Inc.},
address   = "San Francisco",
editor    = {Joshi, A. and Palmer, M.},
pages     = "215--222",
year      = "1996"
}

@article{steedman08,
author      = {Steedman, M.},
title       = "{On becoming a discipline}",
journal     = "{Computational Linguistics}",
volume      = {34},
number      = {1},
year        = {2008},
pages       = {137--144},
publisher   = {MIT Press},
address     = {Cambridge, MA, USA}
}

@article{stevens37,
author    = {Stevens, S.S. and Volkmann, J. and Newmann, E.B.},
title     = "{A scale for the measurement of the psychological magnitude of pitch}",
journal   = "{Journal of the Acoustical Society of America}",
volume    = {8},
number    = {185},
year      = {1937}
}

@inproceedings{stevens90,
author    = {Stevens, K.N.},
title     = "{Control parameters for synthesis by rule}",
booktitle = {Proc. the ESCA tutorial day on speech synthesis},
year      = {1990},
pages     = {27--37}
}

@misc{stolcke02,
author    = {Stolcke, A.},
title     = "{SRILM -- an extensible language modeling toolkit}",
booktitle = {Proc. International Conference on Spoken Language Processing (ICSLP'02)},
year      = {2002}
}

@book{stroustrup00,
author    = {Stroustrup, B.},
title     = "{The C++ Programming Language (Special Edition)}",
month     = {February},
year      = {2000},
publisher = {Addison Wesley},
address   = {USA},
pages     = {1029},
ISBN      = {0-201-70073-5}
}

@techreport{suri91a,
author    = {Suri, L.Z.},
title     = "Language transfer: A foundation for correcting the written {English} of {ASL} signers",
institution = {Department of Computer and Information Sciences, University of Delaware},
number       = {91-19},
year         = {1991}
}

@techreport{suri91b,
author      = {Suri, L.Z. and McCoy, K.F.},
title       = "Language transfer in deaf writing: A correction methodology for an instructional system",
institution = {Department of Computer and Information Sciences, University of Delaware},
number      = {91-20},
year        = {1991}
}

@inproceedings{tapanainen94,
author    = {Tapanainen, P. and Jarvinen, T.},
title     = "{Syntactic analysis of natural language using linguistic rules and corpus-based patterns}",
booktitle = "Proc. Computational Linguistics",
year      = "1994",
pages     = {629--634},
address   = "Kyoto"
}

@article{tarjan79,
author    = {Tarjan, R.E. and Yao, A.C.C.},
title     = "{Storing a sparse table}",
journal   = "{Communications of the ACM}",
volume    = {22},
number    = {11},
year      = {1979},
pages     = {606--611},
address   = {New York, NY, USA}
}

@inproceedings{taylor99,
author    = {Taylor, P. and Black, A.},
title     = "{Speech synthesis by phonological structure matching}",
booktitle = "{Proc. Eurospeech'99}",
year      = "1999",
pages     = {1531--1534},
address   = "Budapest, Hungary"
}

@article{taylor00,
author    = {Taylor, P.},
title     = "{Concept-to-Speech synthesis by phonological structure matching}",
journal   = "{Philosophical Transactions of the Royal Society, Series A}",
volume    = "356",
number    = "1769",
pages     = {1403--1416},
year      = 2000
}

@article{thompson68,
author    = {Thompson, K.},
title     = "Regular expression search algorithm",
journal   = {Communications of the ACM},
volume    = "11",
number    = "6",
pages     = {419--422},
year      = 1968
}

@inproceedings{toutanova02,
author    = {Toutanova, Kristina and Moore, Robert C.},
title     = "{Pronunciation modeling for improved spelling correction}",
booktitle = {Proc. ACL'02},
year      = {2002},
pages     = {144--151}
}

@inproceedings{tsao90,
author    = {Tsao, Y.C.},
title     = "A lexical study of sentences typed by hearing-impaired {TDD} users",
booktitle = {13th International Symposium on Human Factors in Telecommunications},
year      = {1990},
pages     = {197--201}
}

@phdthesis{trawick83,
author  = {Trawick, D.J.},
title   = "Robust Sentence Analysis and Habitability",
school  = "California Institute of Technology",
year    = "1983",
address = "Pasadena, California"
}

@inproceedings{turba81,
author    = {Turba, T.N.},
title     = "Checking for spelling and typographical errors in computer-based text",
booktitle = {ACM SIGPLAN/SIGOA Symposium on Text Manipulation},
year      = 1981,
pages     = {51--60}
}

@article{turing36,
author    = {Turing, A.M.},
title     = "{On {C}omputable {N}umbers, with an {A}pplication to the {E}ntscheidungsproblem}",
journal   = {Proc. the London Mathematical Society},
number    = {42},
volume    = {2},
pages     = {230--265},
year      = {1936}
}

@article{turing50,
author    = {Turing, A.M.},
title     = "{Computing Machinery and Intelligence}",
journal   = {Mind},
pages     = {433--460},
volume    = {49},
year      = {1950}
}

@inproceedings{tzoukermann96,
author    = {Tzoukermann, E. and Radev, D.R.},
title     = "Using {Word Class} for {Part-of-Speech} disambiguation",
booktitle = {4th Workshop on Very Large Corpora},
year      = {1996},
pages     = {1--13}
}

@book{valiant94,
author    = {Valiant, L.G.},
title     = "{Circuits of the Mind}",
year      = {2004},
publisher = {Oxford University Press},
address   = {Oxford}
}

@inproceedings{valiant95,
author    = {Valiant, L.G.},
title     = "{Rationality}",
booktitle = "{Proc. CoLT'95: workshop on Computational Learning Theory}",
publisher = {Morgan Kaufmann Publishers Inc.},
year      = "1995",
url       = "citeseer.ist.psu.edu/valiant94rationality.html"
}

@article{ullmann77,
author    = {Ullmann, J.R.},
title     = "A binary $n$-gram technique for automatic correction of substitution, deletion, insertion and reversal errors in words",
journal   = {The Computer Journal},
volume    = 20,
number    = 2,
year      = 1977,
pages     = {141--147}
}

@article{veronis88,
author    = {V�ronis, J.},
title     = "Computerized correction of phonographic errors in text",
journal   = {Computers and the Humanities},
year      = 1988,
volume    = {22},
pages     = {43--56}
}

@inproceedings{vine00,
author    = {Vine, D.S.G. and Sahandi, R.},
title     = "{Synthesising Emotional Speech by Concatenating Multiple Pitch Recorded Speech Units}",
booktitle = {Proc. ISCA Workshop on Speech and Emotion},
year      = {2000}
}

@inproceedings{viterbi67,
author    = {Viterbi, A.J.},
title     = "Error Bounds for Convolutional Codes and an Asymptotically Optimum Decoding Algorithm",
booktitle = {IEEE Transactions on Information Theory},
volume    = {IT-13},
month     = {April},
year      = {1967},
pages     = {260-269}
}

@article{voutilainen01,
author    = {Voutilainen, A.},
title     = "{Tagging and parsing with rules: the case of Swedish}",
journal   = {Lingvistic\ae{} Investigationes},
year      = 2001,
volume    = {24},
number    = {1},
pages     = {43--66}
}

@article{wagner74,
author    = {Wagner, R.A.},
title     = "Order-$n$ correction for regular languages",
journal   = {Communications of the ACM},
year      = 1974,
volume    = {17},
number    = {5},
pages     = {265--268}
}

@article{wagner74b,
author    = {Wagner, R.A. and Fisher, M.J.},
title     = "The string to string correction problem.",
journal   = {Journal of the Association for Computing Machinery (ACM)},
year      = 1974,
volume    = {21},
number    = {1},
pages     = {168--173}
}

@article{waltz78,
author    = {Waltz, D.L.},
title     = "An {English} language question answering system for a large rational database",
journal   = {Communications of the ACM},
year      = 1978,
volume    = {21},
number    = {7},
pages     = {526--539}
}

@article{yang01,
author    = {Yang, Z.R. and Zwolinski, M.},
title     = "Mutual Information Theory for Adaptive Mixture Models",
journal   = {Transactions on Pattern Analysis and Machine Intelligence},
year      = 2001,
volume    = {23},
number    = {4},
pages     = {396--403}
}

@article{yannakoudakis83,
author    = {Yannakoudakis, E.J. and Fawthrop, D.},
title     = "The rules of spelling errors",
journal   = {Information Processing and Managment},
year      = 1983,
volume    = {19},
number    = {2},
pages     = {87--99}
}

@inproceedings{yarowsky94,
author    = {Yarowsky, D.},
title     = "{Decision lists for lexical ambiguity resolution: application to accent restoration in Spanish and French}",
booktitle = "Proc. ACL'94",
pages     = "88--95",
year      = "1994",
url       = "citeseer.ist.psu.edu/yarowsky94decision.html"
}

@misc{yi00,
author     = {Yi, J. and Glass, J. and Hetherington, I.},
title      = "{A Flexible, Scalable Finite-State Transducer Architecture for Corpus-Based Concatenative Speech Synthesis}",
booktitle  = "Proc. ICSLP'00",
year       = "2000",
month      = "October",
address    = "Beijing, China",
number     = 3,
pages      = {322--325}
}

@inproceedings{zhou03,
author    = {Zhou, G.},
title     = {Modeling of Long Distance Context Dependency in {Chinese}},
booktitle = {Proc. the 2nd SIGHAN Workshop on Chinese Language Processing},
year      = 2003,
pages     = {71--77}
}

% spelling correction: voir http://berghel.net/publications/logframe/logframe.php

@article{gale92,
author    = {Gale, W. and Church, K. and Yarowsky, D.},
title     = "{A Method for Disambiguating Word Senses in a Large Corpus}",
journal   = "Computers and the Humanities",
year      = "1992",
pages     = {415-439},
volume    = 26,
}



@inproceedings{gale94,
author    = {Gale, W.A. and Church, K.W. and Yarowsky, D.},
title     = "{Discrimination Decisions for 100,000-Dimensional Spaces}",
booktitle = "{Current Issues in Computational Linguistics: In Honour of Don Walker}",
publisher = "Kluwer Academic Publishers",
pages     = "429--450",
year      = "1994",
}

@inproceedings{golding95,
author    = {Golding, A.R.},
title     = "{A Bayesian Hybrid Method for Context-Sensitive Spelling Correction}",
booktitle = "Proc. the Third Workshop on Very Large Corpora",
address   = "Somerset, New Jersey",
pages     = "39--53",
year      = "1995"
}

@inproceedings{golding96,
author    = {Golding, A.R. and Schabes, Yves},
title     = "Combining Trigram-Based and Feature-Based Methods for Context-Sensitive Spelling Correction",
booktitle = "Proc. ACL'96",
publisher = {Morgan Kaufmann Publishers Inc.},
address   = "San Francisco",
editor    = {Joshi, A. and Palmer, M.},
pages     = "71--78",
year      = "1996",
url       = "citeseer.ist.psu.edu/golding96combining.html"
}

@inproceedings{golding96b,
author    = {Golding, A.R. and Roth, D.},
title     = "{Applying Winnow to Context-Sensitive Spelling Correction}",
booktitle = "Proc. International Conference on Machine Learning",
pages     = "182--190",
year      = "1996",
url       = "citeseer.ist.psu.edu/golding96applying.html"
}

@article{golding99,
author  = {Golding, A.R. and Roth, D.},
title   = "A Winnow-Based Approach to Context-Sensitive Spelling Correction",
journal = "Machine Learning",
volume  = "34",
number  = "1--3",
pages   = "107--130",
year    = "1999",
url     = "citeseer.ist.psu.edu/golding99winnowbased.html"
}

@book{jurafsky06,
author    = {Jurafsky, D and Martin, J.H.},
title     = "{Speech and Language Processing}",
year      = {2006},
month     = {December},
isbn      = {0131873210},
publisher = {Prentice Hall PTR},
address   = {Upper Saddle River, NJ, USA},
edition   = {2nd}
}

@inproceedings{nair07,
author    = {Nair, A.S.S. and Nair, V.V.and Chandra, V.},
title     = "{Hidden Markov Model Based Identification of Transliterated Regional Language Words in Text Documents}",
booktitle = "{Workshop on Analytics for Noisy Unstructured Text Data (IJCAI-2007)}",
year      = 2007,
month     = {January},
address   = "Hyderabad, India",
pages     = {87--91}
}

@inproceedings{nasukawa07,
author    = {Nasukawa, T. and Punjani, D. and Roy, S. and Venkata Subramaniam, L. and Takeuchi, H.},
title     = "{Adding Sentence Boundaries to Conversational Speech Transcriptions using Noisily Labelled Examples}",
booktitle = "{Workshop on Analytics for Noisy Unstructured Text Data (IJCAI-2007)}",
year      = 2007,
month     = {January},
address   = "Hyderabad, India",
pages     = {71--78}
}

@article{oncina05,
author    = {Oncina, J. and Sebban, M},
title     = "{Learning Unbiased Stochastic Edit Distance in the form of a Memoryless Finite-State Transducer}",
journal   = "International Joint Conference on Machine Learning",
year      = "2005"
}

@inproceedings{ringlstetter07,
author    = {Ringlstetter, C. and Hadersbeck, M. and Schulz, K.U. and Mihov, S.},
title     = "{Text Correction Using Domain Dependent Bigram Models from Web Crawls}",
booktitle = "{Workshop on Analytics for Noisy Unstructured Text Data (IJCAI-2007)}",
year      = 2007,
month     = {January},
address   = "Hyderabad, India",
pages     = {47--54}
}

@inproceedings{schaback07,
author    = {Schaback, J. and Li, F.},
title     = "{Multi-Level Feature Extraction for Spelling Correction}",
booktitle = "{Proc. workshop on Analytics for Noisy Unstructured Text Data (IJCAI-2007)}",
year      = 2007,
month     = {January},
address   = "Hyderabad, India",
pages     = {79--86}
}

@article{schulz02,
author    = {Schulz, K. and Mihov, S.},
title     = "{Fast string correction with Levenshtein-automata}",
journal   = "International Journal of Document Analysis and Recognition",
year      = "2002",
pages     = {67--85},
volume    = 5,
number    = 1
}

@inproceedings{tavosanis07,
author    = {Tavosanis, M.},
title     = "{A Causal Classification of Orthography Errors in Web Texts}",
booktitle = "{Workshop on Analytics for Noisy Unstructured Text Data (IJCAI-2007)}",
year      = 2007,
month     = {January},
address   = "Hyderabad, India",
pages     = {99--106}
}

@article{ukkonen85,
author    = {Ukkonen, E.},
title     = {Algorithms for approximate string matching},
journal   = {Information and Control},
volume    = {64},
number    = {1--3},
year      = {1985},
pages     = {100--118},
publisher = {Academic Press Professional, Inc.},
address   = {San Diego, CA, USA}
}

@techreport{watson94a,
author       = {Watson, B.W.},
title        = "{An Introduction to the FIRE Engine: A C++ Toolkit for FInite Automata and Regular Expressions}",
institution  = {Faculty of Mathematics and Computing Science, Eindhoven University of Technology},
year         = {1994},
number       = {94/21},
type         = {Computing Science Report},
address      = {Eindhoven, The Netherlands}
}

@techreport{watson94b,
author       = {Watson, B.W.},
title        = "{The Design of the FIRE Engine: A C++ Toolkit for FInite Automata and Regular Expressions}",
institution  = {Faculty of Mathematics and Computing Science, Eindhoven University of Technology},
year         = {1994},
number       = {94/22},
type         = {Computing Science Report},
address      = {Eindhoven, The Netherlands}
}

@inproceedings{watson99,
author    = {Watson, B.W.},
title     = "{The OpenFIRE Initiative}",
booktitle = "{Proc. the International Conference on Computer Processing of Oriental Languages}",
year      = {1999},
month     = {24--26 March},
address   = "Tokushima, Japan",
volume    = {2},
pages     = {421--424}
}

@book{winograd72,
author    = {Winograd, T.},
title     = {Understanding Natural Language},
year      = {1972},
isbn      = {0127597506},
publisher = {Academic Press, Inc.},
address   = {Orlando, FL, USA}
}

@article{witten91,
author = {Witten, I.H. and Bell, T.C.},
title  = "{The zero-frequency problem: estimating the probabilities of novel events in adaptive text compression}",
journal = "{IEEE Transactions on Information Theory}",
year    = 1991,
volume  = "34",
number  = "4",
pages   = {1085--1094}
}

@inproceedings{wong07,
author    = {Wong, W. and Liu, W. and Bennamoun, M.},
title     = "{Enhanced Integrated Scoring for Cleaning Dirty Texts}",
booktitle = "{Workshop on Analytics for Noisy Unstructured Text Data (IJCAI-2007)}",
year      = 2007,
month     = {January},
address   = "Hyderabad, India",
pages     = {55--62}
}

@inproceedings{choudhury07,
author    = {Choudhury, M. and Saraf, R. and Jain, V. and Sarkar, S. and Basu, A.},
title     = "{Investigation and Modeling of the Structure of Texting Language}",
booktitle = "{Workshop on Analytics for Noisy Unstructured Text Data (IJCAI-2007)}",
year      = 2007,
month     = {January},
address   = "Hyderabad, India",
pages     = {63--70}
}

% Web as corpus

@inproceedings{volk01,
author    = {Volk, M.},
title     = "{Exploiting the www as a corpus to resolve pp attachment ambiguities}",
booktitle = "{Proc. Corpus Linguistics}",
year      = 2001
}

@article{kilgarriff03,
author = {Kilgarriff, A. and Grefenstette, G.},
title  = "{Special Issue on Web as Corpus}",
journal = "{Computational Linguistics}",
year   = 2003,
volume = "29",
number = "3",
publisher = {MIT Press},
address = {Cambridge, MA, USA}
}

% % % % % % % % %

@inproceedings{baroni04,
author    = {Baroni, M. and Bernardini, S.},
title     = "{BootCaT: Bootstrapping corpora and terms from the web}",
booktitle = "{Proc. LREC'04}",
year      = 2004,
pages     = {1313--1316}
}

@article{keller03,
author    = {Keller, F. and Lapata, M.},
title     = "{Using the Web to obtain frequencies for unseen bigrams}",
journal   = "{Computational Linguistics}",
year      = 2003,
volume    = "29",
number    = "3",
pages     = {459--484}
}

@inproceedings{strohmaier03,
author    = {Strohmaier, C. and Ringlstetter,  C. and Schulz, K. U. and Mihov,  S.},
title     = "{Lexical postcorrection of OCR-results: The web as a dynamic secondary dictionary?}",
booktitle = "{Proc. ICDAR'03}",
year      = 2003,
pages     = {1133--1137}
}

@article{williams05,
author    = {Williams, H.E. and Zobel, J.},
title     = "{Searchable words on the web}",
journal   = "{International Journal of Digital Libraries}",
year      = 2005,
volume    = "5",
number    = "2",
pages     = {99--105}
}

@inproceedings{zhu01,
author    = {Zhu, X. and Rosenfeld, R.},
title     = "{Improving trigram language modeling with the world wide web}",
booktitle = "{Proc. Int. Conf. on Acoustics, Speech, and Signal Processing}",
year      = 2001
}

% Natural Scene OCR

@phdthesis{thillou06,
author = {Mancas-Thillou, C.},
title  = "Natural Scene Text Understanding",
year   = 2006,
school = {FPMS, Mons, Belgium}
}

@inproceedings{borovikov04,
author    = {Borovikov, E. and Zavorin, I. and Turner, M.},
title     = "{A filter based post-OCR accuracy boost system}",
booktitle = "Proc. 1st ACM Workshop on Hardcopy Document Processing",
pages     = "23--28",
year      = 2004
}

@inproceedings{gaudissart05,
author    = {Gaudissart, V. and Ferreira, S. and Mancas-Thillou, C. and Gosselin, B.},
title     = "{Sypole: A mobile assistant for the blind}",
booktitle = "Proc. EUSIPCO'05",
address   = "Antalya, Turkey",
year      = 2005
}

@article{lopresti97,
author  = {Lopresti, D. and Zhou, J.},
title   = "Using consensus sequence voting to correct {OCR} errors",
journal = "Computer Vision and Image Understanding",
number  = "1",
year    = 1997,
volume  = "67",
pages   = "39--47"
}

@inproceedings{zhang02,
author    = {Zhang, J. and Chen, X. and Hanneman, A. and Yang, J. and Waibel, A.},
title     = "{A Robust Approach for Recognition of Text Embedded in Natural Scenes}",
booktitle = "Proc. Int. Conf. on Pattern Recognition",
year      = 2002
}

@article{neuhoff75,
author  = {Neuhoff, D.},
title   = "The {V}iterbi algorithm as an aid in text recognition",
journal = "IEEE Trans. Information Theory",
volume  = "21",
pages   = "222--226",
year    = 1975
}

@article{thillou05,
author  = {Thillou, C. and Ferreira, S. and Gosselin, B.},
title   = "An embedded application for degraded text recognition",
journal = "Eurasip Jour. on Applied Signal Processing",
volume  = "13",
pages   = "2127--2135",
year    = 2005
}

@article{bunke95,
author    = {Bunke, H.},
title     = "Fast approximate matching of words against a dictionary",
journal   = "Computing",
volume    = "55",
number    = "1",
pages     = "75--89",
year      = 1995
}

@inproceedings{kempe07,
author    = {Kempe, A. and Baeijs, C. and Ga{\'a}l, T. and Guingne, F. and Nicart, F.},
title     = "{WFSC -- A New Weighted Finite State Compiler}",
booktitle = "{Proc. the 12th International Conference on Implementation and Application of Automata (CIAA 2007)}",
year      = {2007},
pages     = {108--119}
}

@inproceedings{kolak03,
author    = {Kolak, O. and Byrne, W. and Resnik, P.},
title     = "A generative probabilistic {OCR} model for {NLP} applications",
booktitle = "Proc. NAACL-Human Language Technology",
volume    = "1",
pages     = "55--62",
year      = 2003
}

@techreport{fawcett03,
author       = {Fawcett, T.},
title        = "{ROC graphs: Notes and practical considerations for data mining researchers}",
institution  = {HP Laboratories},
year         = {2003},
number       = {HPL-2003-4},
address      = {Palo Alto, CA, USA}
}

@article{miki04,
author   = {Miki, B. and McHugh, S.},
title    = {Selectable marker genes in transgenic plants: Applications, alternatives and biosafety},
journal  = {Journal of Biotechnology},
month    = {February},
number   = {3},
pages    = {193--232},
volume   = {107},
year     = {2004}
}

@article{delattre59,
author   = {Delattre, P.},
title    = {Rapports entre la dur�e vocalique, le timbre et la structure syllabique en francais},
journal  = {The French Review},
month    = {May},
number   = {6},
pages    = {547--552},
volume   = {32},
year     = {1959}
}

@inproceedings{crouzet06,
author    = {Crouzet, O. and Angoujard, J.P.},
title     = "Th�orie de la syllabe et dur�es vocaliques: Vers une interpr�tation unifi�e du r�le de la structure syllabique et de la nature des segments.",
booktitle = "Proc. JEP'06",
year      = 2006
}

%%%%%%%%%%%%%%%%%%%%%%%% From CFG to automaton

%% convert a contextfree grammar generating a regular language into a finite automaton accepting the same language is an unsolvable problem
@Article{ullian67,
author    = {Ullian, J.},
title     = "{Partial Algorithm Problems for Context Free Languages}",
journal   = "{Information and Control}",
year      = 1967,
volume    = {11},
pages     = {80--101}
}

%% It is undecidable whether the language generated by a contextfree grammar is regular
@book{harrison78,
author    = {Harrison, M.A.},
title     = "{Introduction to Formal Language Theory}",
year      = {1978},
publisher = {Addison-Wesley},
address   = {Boston, MA, USA}
}

@inproceedings{johnson98,
author    = {Johnson, M.},
title     = "{Finite-state Approximation of Constraint-based Grammars using Left-corner Grammar Transforms}",
booktitle = "{COLING-ACL}",
pages     = {619--623},
year      = "1998"
}

@article{johnson98b,
author    = {Johnson, M.},
title     = "{PCFG models of linguistic tree representations}",
journal   = "{Computational Linguistics}",
volume    = {24},
number    = {4},
year      = {1998},
pages     = {613--632},
publisher = {MIT Press},
address = {Cambridge, MA, USA}
}

@Article{pulman86,
author    = {Pulman, S.G.},
title     = "{Grammars, parsers, and memory limitations}",
journal   = "{Language and Cognitive Processes}",
year      = 1986,
volume    = "1",
number    = "3",
pages     = {197--225}
}

@Article{pulman93,
author    = {Pulman, S.G. and Hepple, M.R.},
title     = "{A feature-based formalism for two-level phonology: a description and implementation}",
journal   = "{Computer Speech \& Language}",
year      = 1993,
volume    = "7",
pages     = {333--358}
}

@inproceedings{pereira97,
author    = {Pereira, Fernando and Wright, R.},
title     = "{Finite-state approximation of phrase structure grammars}",
booktitle = "{Finite-State Language Processing, chapter 5}",
editor    = {Roche, Emmanuel and Schabes, Yves},
publisher = {MIT Press},
pages     = {149--173},
year      = {1997}
}
address   = {Cambridge, Massachusetts},

@InProceedings{nederhof00,
author    = {Nederhof, M.-J.},
title     = "{Regular approximation of CFLs: a grammatical view}",
booktitle = "{Advances in Probabilistic and other Parsing Technologies, chapter 12}",
editor    = {Bunt, H. and Nijholt, A.},
publisher = {Kluwer Academic Publishers},
year      = 2000
}

@incollection{nederhof00b,
author    = {Nederhof, M.-J.},
title     = "{Practical Experiments with Regular Approximation of Context-Free Languages}",
booktitle = "{Computational Linguistics}",
volume    = "26",
pages     = {17--44},
publisher = "{MIT Press for the Association for Computational Linguistics}",
year      = "2000"
}

%%%%%%%%%%%%%%%%%%%%%%%% Out-of-vocabulary words

%% what is a neologism ?
%% He quotes fellow French lexicographer Louis Guilbert (La cr�ativit� lexicale 1975): "The creation of a neologism cannot be dissociated from individual creators who are integrated into a community and use it in discourse for expressing themselves in a particular situation." (Rey 1995:66). Neologisms as a linguistic phenomenon can be seen from different aspects: time (synchronic), geographical, social and communicative. Thus neologism is
%% "... a unit of the lexicon, a word, a word element or a phrase, whose meaning, or whose signifier-signified relationship, presupposing an effective function in a specific model of communication, was not previously materialised as a linguistic form in the immediately preceding stage of the lexicon of the language. This novelty, which is observed in relation to a precise and empirical definition of the lexicon, corresponds normally to a specific feeling in speakers. According to the model of the lexicon chosen, the neologism will be perceived as belonging to the language in general or only to one of its special usages; or as belonging to a subject-specific usage which may be specialised or general." (Rey 1995:77)
%% There is thus no doubt that neologisms are tokens of a creative process as described by Rogers (1976) (cf. section 1.2.2) as "a novel relational product, growing out of the uniqueness of the individual on the one hand, and the materials, events, people, or circumstances of his life on the other."
@book{rey95,
author    = {Rey, A.},
title     = "{Essays on Terminology}",
publisher = "Amsterdam: John Benjamins",
year      = "1995"
}

%% Baayen and Lieber (p 809) demonstrated that it is possible in several ways to quantify a measurement of the productivity of an affix with respect to the productivity of other affixes found in the corpora.
@Article{baayen91,
author    = {Baayen, H. and Lieber, R.},
title     = "{Productivity and English derivation: a corpus based study}",
journal   = "{Linguistics}",
year      = 1991,
volume    = "29",
pages     = {801-843}
}

@Article{otman91,
author    = {Otman, G.},
title     = "{Des ambitions et des performances d'un syst�me de d�pouillement terminologique assist� par ordinateur}",
journal   = "{La Banque des mots}",
year      = 1991,
volume    = "Num�ro sp�cial 4",
pages     = {59--96}
}

%%%%%%%%%%%%%%%%%%%%%%%% Jason Eisner

@InProceedings{eisner01,
author    = {Eisner, J.},
title     = "{Expectation Semirings: Flexible EM for Finite-State Transducers}",
booktitle = "{Proc. the ESSLLI Workshop on Finite-State Methods in Natural Language Processing (FSMNLP)}",
year      = 2001,
url       = {http://cs.jhu.edu/~jason/papers/#fsmnlp01},
}

@InProceedings{eisner02,
author    = {Eisner, J.},
title     = "{Parameter Estimation for Probabilistic Finite-State Transducers}",
booktitle = "{Proc. ACL'02}",
year      = 2002,
month     = {July},
address   = {Philadelphia},
pages     = {1--8}
}

@InProceedings{eisner03,
author    = {Eisner, J.},
title     = "{Simpler and More General Minimization for Weighted Finite-State Automata}",
booktitle = "{Proc. HLT-NAACL'03}",
year      = 2003,
pages     = {64--71},
address   = {Edmonton},
month     = {May},
url       = {http://cs.jhu.edu/~jason/papers/#hlt03-min},
}

@InProceedings{eisner05,
author    = {Eisner, J. and  Goldlust, E. and  Smith, N.A.},
title     = "{Compiling Comp Ling: weighted dynamic programming and the Dyna language}",
booktitle = "{Proc. HLT-EMNLP'05}",
month     = {October},
year      = 2005,
address   = {Vancouver},
pages     = {281--290},
url       = {http://cs.jhu.edu/~jason/papers/#emnlp05-dyna}
}

@InProceedings{eisner06,
author    = {Eisner, J. and Blatz, J.},
title     = "{Program transformations for optimization of parsing algorithms and other weighted logic programs}",
booktitle = "{Proc. FG 2006: The 11th Conference on Formal Grammar}",
pages     = {45--85},
year      = {2006},
editor    = {Shuly Wintner},
publisher = {CSLI Publications},
url       = {http://cs.jhu.edu/~jason/papers/#fg06}
}

@InProceedings{eisner97,
author    = {Eisner, J.},
title     = "{Efficient generation in primitive optimality theory}",
booktitle = "{Proc. ACL'97}",
year      = 1997,
pages     = {313--320},
address   = {Madrid},
month     = {July},
url       = {http://cs.jhu.edu/~jason/papers/#acl97},
}

@techreport{eisner96,
author      = {Eisner, J.},
title       = "{An empirical comparison of probability models for dependency grammar}",
institution = "{IRCS}",
address     = "{University of Pennsylvania}",
number      = "{IRCS-96-11}",
year        = "1996"
}

@InProceedings{eisner96b,
author    = {Eisner, J.},
title     = "{Three new probabilistic models for dependency parsing: An exploration}",
year      = 1996,
booktitle = "{Proc. the 16th International Conference on Computational Linguistics (COLING-96)}",
address   = {Copenhagen},
month     = {August},
pages     = {340--345}
}

@InProceedings{eisner96c,
author    = {Eisner, J.},
title     = "{Efficient Normal-Form Parsing for Combinatory Categorial Grammar}",
booktitle = "{Proc. ACL'96}",
year      = 1996,
pages     = {79--86},
address   = {Santa Cruz},
month     = {June},
url       = {http://cs.jhu.edu/~jason/papers/#acl96},
}

@InProceedings{eisner99,
author    = {Eisner, J. and Satta, G.},
title     = "{Efficient Parsing for Bilexical Context-Free Grammars and Head-Automaton Grammars}",
booktitle = "{Proc. ACL'99}",
year      = 1999,
pages     = {457--464},
address   = {University of Maryland},
month     = {June},
url       = {http://cs.jhu.edu/~jason/papers/#acl99},
}

@InProceedings{kempe05,
author    = {Kempe, A. and Champarnaud, J.-M. and Eisner, J. and Guingne, F. and Nicart, F.},
title     = "{A Class of Rational $n$-WFSM Auto-Intersections}",
booktitle = "{Proc. the Tenth International Conference on Implementation and Application of Automata (CIAA 2005)}",
year      = 2005,
series    = {Lecture Notes in Computer Science},
number    = 3845,
pages     = {189--200},
publisher = {Springer-Verlag},
url       = {http://cs.jhu.edu/~jason/papers/#ciaa05}
}

@InProceedings{eisner02b,
author    = {Eisner, J.},
title     = "{Transformational Priors Over Grammars}",
booktitle = "{Proc. the Conference on Empirical Methods in Natural Language Processing (EMNLP)}",
year      = 2002,
month     = {July},
address   = {Philadelphia},
pages     = {63--70},
url       = {http://cs.jhu.edu/~jason/papers/#emnlp02}
}

@Article{eng04,
author    = {Eng, J. and Eisner, J.},
title     = "{Radiology Report Entry With Automatic Phrase Completion Driven by Language Modeling}",
journal   = "{Radiographics}",
year      = 2004,
volume    = 24,
number    = 5,
pages     = {1493--1501},
url       = {http://cs.jhu.edu/~jason/papers/#rg04}
}

@InProceedings{kempe04,
author    = {Kempe, A. and Champarnaud, J.-M. and Eisner, J.},
title     = "{A Note on Join and Auto-Intersection of $n$-ary Rational Relations}",
booktitle = "{Proc. the Eindhoven FASTAR Days (Computer Science Technical Report 04-40)}",
year      = 2004,
pages     = {64--78},
editor    = {Loek Cleophas and Bruce Watson},
month     = {December},
organization = {Department of Mathematics and Computer Science, Technische Universiteit Eindhoven, Netherlands},
url       = {http://cs.jhu.edu/~jason/papers/#fastar04}
}

@InProceedings{tromble06,
author    = {Tromble, R.W. and Eisner, J.},
title     = "{A Fast Finite-State Relaxation Method for Enforcing Global Constraints on Sequence Decoding}",
booktitle = "{Proc. HLT-NAACL'06}",
year      = 2006,
pages     = {423--430},
address   = {New York},
month     = {June},
url       = {http://cs.jhu.edu/~jason/papers/#naacl06}
}

@InProceedings{mason06,
author    = {Mason, J. and Watkins, K. and Eisner, J. and Stubblefield, A.},
title     = "{A Natural-Language Approach to Automated Cryptanalysis of Two-Time Pads}",
booktitle = "{Proc. the ACM Conference on Computer and Communications Security (ACM CCS)}",
year      = 2006,
address   = {Alexandria, VA},
month     = {October},
pages     = {235--244},
url       = {http://cs.jhu.edu/~jason/papers/#ccs06}
}

%%%%%%%%%%%% langues trait�es

@book{klinkenberg94,
author    = {Klinkenberg, J.-M.},
title     = "{Des langues romanes}",
publisher = "Editions Duculot",
address   = "{Louvain-la-Neuve}",
year      = "1994",
note      = "2$^{e}$ �dition"
}

@book{harris90,
editor       = {Harris, M. and Vincent, N.},
title        = "{The Romance Languages}",
publisher    = {Oxford University Press},
year         = {1990}
}

@book{beekes95,
author    = {Beekes, R.S.P.},
title     = "{Comparative Indo-European Linguistics. An Introduction}",
publisher = "Benjamin",
address   = "{Amsterdam}",
year      = "1995"
}

@book{lass97,
author    = {Lass, R.},
title     = "{Historical linguistics and language change}",
publisher = "Cambridge University Press",
year      = "1997"
}

@book{janda04,
editor       = {Janda, R.D. and Joseph, B.D.},
title        = "{The Handbook of Historical Linguistics}",
publisher    = {Blackwell},
year         = {2004}
}

@book{voyles92,
author    = {Voyles, J.B.},
title     = "{Early Germanic Grammar: Pre-, Proto-, and Post-Germanic Languages}",
publisher = "Academic Press",
year      = "1992"
}

@book{comrie96,
author    = {Comrie, B.},
title     = "{Language Universals and Linguistic Typology: Syntax and Morphology}",
publisher = "Blackwell",
year      = "1996",
note      = "Seconde �dition"
}

@article{gyorgy94,
author    = {Gy�rgy, G. and Csaba, P.},
title     = "Lexical processing in an agglutinative language and the organization of the lexicon",
journal   = {Folia Linguistica},
volume    = 28,
year      = 1994,
pages     = {175--204}
}

@article{dempster77,
author  = {Dempster, A.P.  and Laird, N.M.  and Rubin, D.B.},
title   = "{Maximum Likelihood from Incomplete Data via the EM Algorithm}",
journal = {Journal of the Royal Statistical Society. Series B (Methodological)},
number  = {1},
pages   = {1--38},
volume  = {39},
year    = {1977}
}


@inproceedings{collins96,
author    = {Collins, M.J.},
title     = "{A New Statistical Parser Based on Bigram Lexical Dependencies}",
booktitle = "{Proc. ACL'96}",
publisher = "{Morgan Kaufmann Publishers}",
address   = "{San Francisco}",
pages     = {184--191},
year      = "1996"
}

@inproceedings{black93,
author    = {Black, E. and Jelinek, F. and Lafferty, J.D. and Magerman, D.M. and Mercer, R.L. and Roukos, S.},
title     = "{Towards history-based grammars: Using richer models for probabilistic parsing}",
booktitle = "{Proc. ACL'93}",
pages     = {31-37},
year      = "1993"
}
